5459 6684
527 839 851 921 zninnitti
880 817 953 910 'nr
975 834 1569 920 nnnuoutnmmn
1598 839 1724 919 exin.
1779 858 1826 938 37

429 983 582 1065 summis.
638 976 712 1056 Ubi
746 977 839 1057 illud
868 977 919 1054 est
947 977 1079 1052 mirum
1108 969 1143 1046 &
1171 971 1253 1072 pul·
1659 1011 1687 1064 0
1804 1008 1981 1081 01701„

314 1171 321 1180 .
429 1103 579 1187 chrum,
612 1091 718 1198 quod
744 1095 892 1198 periodi
923 1095 960 1170 in
996 1091 1166 1194 potentiis
1196 1104 1252 1168 ut·

429 1241 576 1320 cunque
607 1216 686 1291 altis
708 1263 722 1308 ‚
747 1226 809 1292 aut
843 1212 1025 1298 summis,
1062 1231 1139 1286 non
1172 1207 1253 1286 sunt
1318 1215 1320 1220 “

428 1340 621 1436 longiores
643 1354 750 1432 quam
780 1335 818 1406 in
852 1327 935 1430 ipsu
958 1325 1118 1406 numeris
1151 1338 1254 1402 natu·

428 1455 576 1532 talibus.
622 1449 695 1530 Hic
715 1453 787 1548 jam
817 1445 855 1523 id
884 1447 1003 1545 agitur
1027 1457 1069 1522 ut
1091 1463 1252 1543 quaeran·
1319 1541 1321 1548 Ι

431 1585 492 1650 tut
526 1567 762 1672 periodorum
798 1565 913 1665 leget.
988 1562 1033 1642 ln
1072 1558 1250 1657 multiplie

430 1693 505 1788 jam
533 1685 677 1779 babe03
705 1680 767 1762 fed
800 1679 1000 1786 quaetendae
1022 1677 1142 1762 adhuc
1168 1676 1250 1755 sunt

284 1831 290 1841 ·
430 1809 470 1882 in
497 1807 671 1904 potentiis
704 1805 740 1879 δι
772 1803 918 1879 summis
949 1821 1081 1880 earum.
1146 1793 1251 1874 latet

429 1923 466 1998 io
494 1921 572 1998 boe
592 1919 743 2000 Calculo
772 1903 939 1998 ultimum
978 1911 1119 1997 Calculi
1149 1913 1251 1991 refu-

427 2042 530 2139 gium
567 2061 635 2138 pro
667 2037 1000 2115 transcendentibus
1036 2032 1252 2110 determine·

426 2157 503 2246 tis,
547 2155 696 2258 quando
736 2157 838 2232 aliter
867 2145 1025 2244 exosimi
1062 2174 1140 2228 non
1171 2147 1253 2250 pos-

422 2272 533 2350 sieut.¹
580 2271 664 2352 nnn
694 2265 855 2377 Parisios
882 2271 928 2350 ad
956 2267 1163 2352 Dominum
1201 2267 1273 2344 ses

428 2392 619 2468 cretarium
661 2389 896 2476 Academiae.
951 2412 1028 2466 non
1076 2405 1120 2466 ut
1166 2385 1251 2463 eda·

428 2517 490 2579 tur
515 2497 613 2606 (1),
648 2505 705 2580 ted
729 2520 772 2578 ut
801 2506 956 2600 aliquis,
980 2503 1140 2599 enipius
1165 2505 1254 2588 otii,

433 2619 615 2694 excitetur
657 2618 704 2694 ad
745 2617 821 2692 hoc
855 2627 1110 2713 argumentum
1149 2620 1260 2691 exeo·

430 2732 595 2810 lendum.

499 2991 536 3068 Si
567 2991 714 3092 quando
745 2987 936 3088 pulchrum
975 3015 1105 3070 munus
1145 2989 1351 3092 Phosphori
1381 2989 1455 3070 Tui
1486 3015 1555 3093 pto
1590 2997 1718 3075 favore
1757 3011 1826 3077 tuo

421 3103 594 3205 lingulati
625 3107 669 3182 od
698 3131 755 3181 me
782 3106 988 3200 destinebim
1016 3111 1152 3206 poterit
1182 3105 1374 3185 occasione
1399 3111 1517 3212 aliqua
1543 3112 1688 3204 oblata,
1713 3118 1743 3212 '[
1760 3139 1826 3194 ne-

424 3247 497 3323 que
521 3227 619 3302 enim
647 3228 685 3300 in
722 3231 823 3298 mora·
851 3224 958 3299 nimis
991 3225 1195 3324 periculum
1220 3219 1312 3340 est]
1339 3230 1436 3304 mitti
1464 3221 1636 3307 Bremam
1657 3233 1703 3312 ad
1740 3231 1823 3313 Do·

424 3343 571 3418 minum
588 3339 791 3420 Dotiorem
817 3338 1078 3430 Memnon,
1107 3341 1290 3422 Pastorem
1318 3345 1356 3421 &
1377 3345 1617 3450 Theologum
1643 3349 1822 3454 insignem

427 3447 592 3534 Braemae.
639 3456 958 3558 Quousuperest,
986 3457 1077 3544 vale
1109 3463 1146 3538 ἃ
1174 3459 1278 3540 Fave.
1699 3457 1705 3465 ’

521 3669 657 3742 Dabam
676 3673 851 3744 linteum
876 3686 909 3760 ς.
932 3673 1052 3768 Aprii'u
1074 3689 1182 3764 17011.

1408 3775 1670 3874 Deditiffimue

1248 3985 1296 4074 G.
1329 3987 1380 4074 G.
1409 3992 1732 4082 tumme·

1244 4159 1496 4316 'Respouiio
1528 4202 1653 4292 deest·
1783 4289 1788 4296 ,

488 4401 1010 4506 <1)mitaestlnnn1nn
1044 4410 1159 4496 Sebeda
1180 4411 1219 4495 le
1241 4407 1298 4500 boc
1319 4439 1514 4516 »romono
1545 4421 1652 4503 Mem
1677 4421 1718 4501 de
1737 4407 1805 4505 it:

426 4503 495 4581 end.
513 4507 605 4602 Roy.
628 4505 683 4582 des
708 4514 757 4587 Sc.
791 4527 894 4606 1703.
920 4519 994 4614 pag.
1013 4527 1085 4613 85.
