5459 6684
503 882 1347 974 tarnurrrrarnrrsrouarrt,
1374 889 1538 965 Ense.
1566 893 1727 968 cxru.
1785 913 1835 982 39.

435 1043 485 1122 ita
517 1065 671 1140 porro,
707 1041 757 1116 ita
804 1047 847 1110 ut
884 1043 1024 1128 reperta
1061 1030 1142 1126 lege
1171 1021 1315 1129 periodi
1341 1043 1414 1106 tam
1446 1031 1557 1110 facile
1581 1033 1622 1112 fit
1662 1038 1842 1116 Tabulam
1857 1070 1961 1139 ipo-r.

434 1173 683 1236 numerorum
721 1148 890 1232 altissima
918 1150 1121 1246 potentia,
1160 1147 1216 1222 vel
1243 1146 1389 1224 summae
1413 1145 1584 1226 altissimae
1609 1154 1653 1228 ab
1677 1155 1841 1235 altissima
1853 1151 1956 1243 April.

435 1278 617 1376 potentia
647 1268 834 1364 condere,
856 1285 975 1365 ,quam
1000 1261 1175 1341 Tabulam
1202 1287 1441 1340 numerorum
1473 1266 1701 1346 naturalium.
1761 1271 1846 1350 Un-

437 1391 649 1477 derides,
679 1401 810 1488 quanta
843 1379 1118 1480 consequantur.
1162 1379 1255 1457 Sunt
1282 1381 1426 1481 periodi
1449 1383 1535 1458 tales
1562 1383 1669 1460 etiam
1695 1388 1733 1460 in
1760 1389 1843 1467 aliis·

438 1505 778 1609 progressionibus,
809 1499 868 1576 [εά
899 1503 938 1573 in
968 1497 1138 1577 decadic'a
1170 1499 1220 1574 ob
1248 1490 1519 1577 multitudinem
1555 1515 1727 1578 notarum·
1755 1504 1839 1583 sunt

443 1623 711 1712 intrudabiles3
744 1621 783 1694 in
816 1613 1000 1694 tetradica
1035 1613 1146 1692 essent
1175 1615 1326 1716 quidem
1352 1615 1626 1712 trattabiliores,
1654 1617 1714 1694 [εά
1744 1643 1836 1719 prae·

443 1755 614 1842 terquam
644 1735 747 1838 quod
773 1729 907 1812 Auslor
937 1731 1147 1832 Tetratlyos
1175 1731 1221 1808 de
1250 1735 1305 1809 his
1335 1749 1423 1808 non·
1440 1733 1633 1832 cogitavit,
1666 1755 1734 1812 nec
1761 1736 1836 1814 huc

310 1890 314 1899 ·
442 1855 629 1942 tetendit,
663 1844 996 1950 incomparabiliter
1034 1863 1130 1928 certe
1162 1849 1304 1927 facilior
1338 1849 1387 1926 eu
1409 1849 1593 1928 Calculus
1624 1851 1795 1950 dyadicus
1820 1858 1852 1942 ,s

443 1977 508 2074 qui
536 1973 575 2048 &
610 1965 701 2048 alios
731 1971 843 2046 miros
877 1967 981 2044 dabit
1012 1967 1093 2046 usus
1130 1962 1566 2067 pro‘transcendentibos
1597 1965 1783 2054 definitis,
1809 1967 1841 2045 fi.

441 2089 662 2191 quantitates
705 2084 913 2184 hujusmodi
951 2083 1110 2185 dyadicae
1151 2088 1418 2186 exprimantur.
1473 2081 1629 2161 Molitus
1658 2085 1733 2162 boc
1758 2084 1840 2162 suan

442 2223 531 2284 ante
562 2199 697 2286 multos
729 2218 867 2291 annos,
893 2201 1000 2282 etiam
1030 2213 1224 2302 antequam
1255 2204 1455 2302 quicquam
1483 2202 1664 2278 constaret
1692 2202 1738 2278 de
1767 2201 1838 2278 Te·

443 2323 559 2422 ttatly
587 2323 646 2400 illa
678 2345 792 2422 nuper
826 2317 1075 2415 ressuscitata;
1107 2319 1170 2396 sed
1196 2317 1336 2419 semper
1369 2321 1488 2395 otium
1524 2319 1658 2419 speravi
1685 2341 1760 2418 pro
1782 2318 1842 2394 di·

443 2445 588 2534 gnitate
624 2439 795 2516 tradendi
821 2463 831 2512 ε
859 2462 958 2514 nune
984 2442 1119 2514 teritus
1142 2459 1189 2512 ne
1212 2435 1290 2512 haec
1320 2437 1523 2533 cogitatio,
1549 2448 1591 2513 ut
1615 2435 1730 2511 multa
1745 2435 1834 2523 alia,

443 2553 669 2638 intercidat,
709 2549 774 2626 nili
799 2567 879 2628 eam
917 2545 1073 2649 Pari'jiot
1115 2551 1163 2627 ad'
1205 2549 1414 2628 Dominum
1440 2547 1677 2629 Secretarium
1713 2548 1835 2649 Regiae

448 2663 703 2754 Academicos,
732 2667 816 2766 quia
845 2663 907 2739 ille
939 2662 1031 2740 mihi
1063 2664 1258 2762 aliquando
1286 2666 1488 2763 scripserat,
1510 2666 1537 2742 fi
1559 2691 1629 2766 qua
1652 2691 1838 2767 propone·
1879 2728 1881 2731 -

447 2806 490 2861 re
521 2784 686 2871 vellem,
724 2777 937 2882 quentilla
968 2781 1215 2869 viderentur,
1251 2785 1493 2880 cogitaturum
1526 2779 1757 2860 Academiam
1791 2785 1837 2862 de

402 2892 604 3002 'juvanda
625 2902 859 2976 executione.
913 2895 1141 2976 Serenissrmo
1176 2895 1276 2974 Duci
1299 2897 1578 2978 Ronorrrao
1604 2899 1836 2980 Aucusro

448 3031 534 3094 ante
568 3015 707 3114 aliquot
741 3037 860 3090 annos
885 3036 971 3091 cum
1002 3015 1274 3103 monstrarem,
1318 3000 1411 3091 adeo
1447 3014 1630 3114 placuerat
1658 3017 1757 3108 haec,
1795 3036 1840 3096 ut

444 3131 513 3234 ipsi
544 3131 732 3207 videbatur
756 3135 882 3229 imago
916 3131 1136 3216 creationis,
1172 3130 1232 3206 seu
1264 3133 1416 3228 originis
1448 3136 1615 3211 omnium
1641 3159 1763 3213 rerum
1789 3159 1840 3215 err

443 3247 565 3326 nihilo
591 3271 653 3348 pet
684 3245 830 3335 Deum,
859 3262 900 3324 ut
922 3268 1160 3325 numerorum
1188 3271 1235 3322 ex
1277 3273 1293 3323 ι
1333 3249 1369 3324 dt
1405 3274 1452 3338 o,
1480 3263 1525 3327 ut
1546 3253 1653 3329 etiarn
1679 3277 1839 3352 gemmae
1885 3315 1888 3319 <

449 3365 594 3444 cuidam
619 3357 772 3464 insculpi
798 3380 937 3443 curaret
961 3391 987 3442 0
1020 3359 1059 3444 dr
1089 3391 1134 3452 ι,
1166 3387 1238 3466 qua
1267 3361 1435 3463 sigillatas
1458 3363 1611 3445 Litteras
1631 3370 1726 3446 mihi
1750 3375 1835 3450 mit-

449 3495 527 3560 tere
557 3483 664 3560 solet«
698 3477 941 3560 Periodonrm
970 3483 1069 3582 leges
1097 3480 1267 3560 basianus
1298 3503 1376 3560 non
1402 3482 1547 3578 habeo,
1578 3482 1644 3562 nisi
1673 3510 1742 3587 pro
1768 3513 1840 3565 nu-

446 3602 558 3676 meris
581 3599 823 3678 Arithmeticae
842 3598 1120 3700 progressionis,
1145 3599 1244 3680 velut
1267 3599 1504 3690 naturalibus,
1535 3603 1571 3676 ἃ
1594 3625 1727 3679 eorum
1742 3605 1839 3680 mul·

446 3717 577 3816 tiplis,
604 3717 664 3793 sed
697 3717 827 3810 vellem
853 3719 975 3816 detegi
1001 3741 1065 3796 eos
1096 3719 1204 3797 etiam
1238 3737 1307 3817 pro
1330 3719 1507 3816 potentiis
1536 3715 1574 3797 dc
1602 3714 1750 3798 summis
1778 3744 1836 3800 ea·

445 3855 539 3910 rum.
602 3833 820 3914 Videbimus
852 3859 898 3912 an
936 3836 1061 3936 aliquis
1092 3825 1242 3938 Pnnfiit
1278 3838 1342 3936 qui
1376 3833 1439 3914 hic
1462 3835 1506 3914 lit
1527 3835 1741 3936 praestiturus
1772 3841 1837 3916 ali-

447 3950 547 4050 quid.
609 3951 718 4031 Certe
752 3953 829 4031 haec
862 3952 914 4029 est
959 3975 1195 4032 numerorum
1234 3955 1375 4052 optima
1412 3953 1767 4053 Analysrs,·quippe
1795 3956 1836 4028 in

448 4065 700 4168 simplicissima
728 4069 917 4148 Elementa
946 4096 972 4148 0
996 4071 1034 4147 dt
1068 4093 1115 4162 13
1141 4069 1239 4146 unde
1263 4093 1391 4148 omnes
1417 4068 1685 4170 magnitudines
1705 4092 1840 4148 nume·

452 4181 501 4258 ris
532 4187 775 4282 exprimendae
802 4191 942 4287 optime
973 4187 1043 4266 hac
1069 4187 1211 4266 ratione
1240 4191 1504 4286 exprimentur.
1638 4179 1676 4199 ”

512 4293 677 4376 Remitto
711 4327 790 4399 quae
814 4301 949 4402 scripfit
976 4303 1063 4382 Tibi
1089 4299 1195 4384 Dnus
1230 4299 1626 4394 Varrononrus,
1656 4303 1720 4407 qui
1743 4305 1836 4382 mihi

452 4413 675 4514 perpulchre
698 4419 915 4516 respondere
941 4423 1082 4499 ridetur
1108 4417 1199 4500 Dno
1230 4416 1478 4526 Rotrro;
1511 4423 1686 4523 quoniam
1712 4434 1837 4499 tamen

450 4529 545 4606 mihi
563 4534 652 4630 ,ejus
693 4531 903 4616 discussione
926 4537 1190 4622 „accuratissima
1215 4540 1361 4640 adjuto,
1391 4535 1496 4618 sacile
1526 4539 1596 4620 suit
1625 4541 1663 4616 in
1693 4537 1837 4637 Objec·

450 4648 571 4734 tiones
602 4665 815 4756 penetrare,
838 4675 968 4769 venere
1000 4657 1165 4763 quaedam
1198 4660 1237 4738 in
1269 4672 1433 4739 mentem
1468 4655 1517 4740 ad
1551 4681 1631 4738 retu
1661 4657 1839 4738 illustran-

1724 4771 1834 4892 dan,
