5459 6684
1029 792 1098 873 288
1206 755 1714 863 COMMERCIUM
1761 716 2352 850 nrrsaor'chM.

853 956 960 1037 1716.
1026 898 1174 995 certost
1193 914 1421 993 infallibiliter
1436 912 1603 1008 sorteque
1617 908 1718 983 brevi
1730 906 2072 983 subsecutura-nihil
2086 910 2190 982 enim
2202 908 2331 987 aliud
2351 871 2447 1012 supe-

853 1044 991 1139 August
1030 1033 1115 1111 relle
1138 1056 1246 1133 quam
1264 1030 1539 1107 ratificationem
1554 1022 1834 1099 Moderatorum
1861 1020 2011 1098 Decreti
2030 1023 2215 1100 inSenatu
2253 1051 2443 1127 peragen-
2489 1114 2491 1117 Α

1032 1152 1139 1228 dam:
1172 1148 1370 1225 Decretum
1380 1158 1507 1219 'autem
1525 1142 1642 1241 ipsum
1661 1138 1826 1215 nondum
1851 1136 1952 1215 fuisse
1973 1138 2227 1239 propositum,
2284 1169 2440 1245 propter

1040 1258 1236 1343 Tura-irum
1262 1258 1425 1347 bellurn,
1449 1262 1485 1333 in
1507 1257 1610 1358 quod
1630 1256 1780 1333 Senatus
1808 1260 1881 1352 jam
1911 1278 2040 1330 omnes·
2066 1256 2146 1333 suar
2173 1262 2435 1357 cogitationes

1033 1396 1167 1459 vertat:
1201 1377 1474 1479 Expectandum
1501 1379 1621 1473 itaque
1645 1370 1714 1449 elle
1738 1376 1989 1456 momentum,
2014 1394 2090 1470 quo
2115 1370 2285 1451 Senatus
2308 1380 2362 1456 de
2389 1406 2435 1456 η.

1033 1498 1099 1577 bus
1128 1496 1205 1573 aliis
1233 1492 1458 1594 tranquillius
1480 1491 1675 1566 deliberare
1698 1486 1813 1587 possrt.
1853 1486 2045 1585 Speramus
2069 1489 2150 1565 fore
2180 1505 2241 1577 ut,
2278 1517 2433 1596 accepto

1032 1616 1164 1691 nuntio
1188 1612 1234 1689 de
1261 1606 1473 1687 Turturum
1496 1604 1697 1705 gravissima
1720 1604 1823 1681 clade
1843 1606 1882 1680 in
1905 1594 2129 1706 Hungaria.
2157 1601 2311 1685 Veneti
2309 1669 2427 1691 .....

930 1820 934 1829 ,
1035 1782 1440 1806 .............
1469 1728 1631 1800 animum
1653 1723 1846 1798 resumant..
1916 1813 1922 1823 ι

1091 1846 1210 1923 Facile
1238 1841 1454 1920 crediderim
1480 1838 1769 1916 Hermanno
1798 1832 1947 1915 difficile
1973 1860 2051 1913 non
2070 1838 2183 1917 videri
2212 1843 2419 1936 [saltemin

1034 1988 1074 2040 ea
1100 1986 1169 2061 qua
1197 1958 1344 2057 sumpsit
1362 1954 1605 2051 extenfione]
1636 1954 1833 2035 Problema·
1858 1954 1905 2033 dc
1928 1954 2037 2031 duero
2061 1960 2414 2056 perpendicularium

1033 2080 1078 2155 ad
1105 2078 1241 2157 Seriem
1258 2098 1458 2155 curvarum.
1504 2070 1624 2147 Miror
1641 2096 1818 2173 namque,
1840 2071 1944 2170 quod
1958 2095 2036 2145 non
2054 2081 2249 2173 perceperis
2262 2081 2413 2155 metho-

1032 2196 1147 2283 dum,
1174 2218 1243 2294 qua
1281 2193 1373 2267 solvi
1402 2186 1503 2288 polle
1531 2186 1690 2291 scripsit,
1714 2186 1782 2264 else
1804 2184 1924 2265 Tuam
1943 2186 2167 2285 ipfilllmam,
2188 2214 2310 2286 quam,
2332 2216 2400 2269 m.

1032 2328 1068 2389 te
1098 2310 1306 2403 complures
1341 2332 1480 2393 annor,
1508 2309 1546 2381 in
1576 2306 1707 2380 litteris·
1733 2302 1822 2380 Tuis
1847 2300 1935 2407 (1),-
1961 2305 2150 2405 postquam
2172 2303 2253 2381 Tibi
2271 2332 2396 2386 meam

1034 2426 1275 2527 aperuissem,
1305 2448 1451 2500 mecum
1479 2418 1626 2497 vicillian
1663 2418 1965 2513 communicasti}
1991 2444 2064 2518 ego
2092 2424 2396 2522 rempublicam,

1033 2556 1246 2642 excerptum
1270 2564 1318 2617 ex
1341 2537 1498 2641 Epistola
1518 2536 1658 2619 Tuaad
1673 2530 1770 2613 Ana
1789 2534 1806 2609 l
1817 2526 1981 2643 ipsterfia
2003 2540 2162 2614 mittens.
2206 2534 2389 2617 VidAzsa

1029 2648 1230 2765 Lipstenfia
1256 2660 1364 2735 Anno
1391 2669 1527 2748 1698,
1554 2672 1638 2753 paga
1664 2678 1744 2749 4η
1762 2648 1839 2755 (2)a
1857 2650 2201 2743 hicemannus,
2229 2660 2383 2756 qui...

1031 2828 1351 2853 .............
1383 2772 1493 2851 habet
1531 2768 1765 2849 selicillimam
1804 2772 2019 2845 memoriam
2049 2775 2247 2849 revocandi
2270 2800 2311 2849 ea
2333 2795 2398 2873 qm

1031 2890 1094 2967 diu
1118 2906 1200 2969 aute
1223 2892 1261 2963 in
1278 2887 1396 2965 Libris
1414 2890 1513 2985 legit,
1532 2908 1610 2962 tem
1629 2886 1731 2963 istam
1754 2885 1850 2961 suam
1868 2884 1985 2961 facere
2005 2883 2150 2977 rolens,
2169 2890 2299 2964 habitu
2319 2914 2409 2964 non·

1028 3004 1121 3081 nihil
1142 3020 1307 3089 mutatu,
1337 3004 1413 3077 aliis
1442 3002 1615 3077 obtrudit.
1663 3000 1700 3077 Si
1727 3000 1855 3077 locum
1877 3004 2026 3077 citatum
2050 3002 2234 3090 conseras,
2265 3005 2412 3079 videbis

1029 3122 1198 3200 facillime
1223 3116 1443 3219 potiihmam
1466 3114 1707 3193 direrfitateur
1722 3120 1763 3193 in
1787 3140 1835 3193 eo
1863 3115 2071 3203 consistere,
2100 3130 2141 3193 ut
2167 3113 2415 3197 Heuman-

1029 3260 1119 3313 nus
1145 3249 1254 3315 vocet
1284 3222 1496 3327 modulam,
1523 3234 1628 3331 quod
1649 3232 1708 3310 Tu
1735 3236 1889 3311 vocabar
1919 3224 2131 3340 constantem
2140 3223 2209 3399 ped
2232 3234 2408 3312 oariabi-
2488 3273 2489 3326 ι

1030 3344 1101 3429 lan
1134 3349 1178 3447 b;
1213 3372 1283 3451 ego
1307 3374 1396 3427 vero
1419 3342 1579 3427 Lineam
1601 3338 1720 3427 locum
1742 3348 1956 3457 pararnetri'
1980 3349 2183 3426 rodohini
2199 3352 2403 3431 habentem.

1028 3468 1176 3549 Fallitur
1204 3487 1324 3547 autem
1350 3466 1541 3545 Henna
1557 3490 1584 3543 u
1598 3488 1664 3543 uu
1682 3492 1722 3554 s,
1755 3468 1903 3567 quando
1926 3484 2029 3566 putat
2052 3471 2271 3547 methodum
2292 3472 2404 3563 hauc,

1028 3584 1100 3665 sive
1127 3585 1242 3664 Tuam
1259 3642 1270 3672 ,
1298 3584 1368 3660 five
1391 3585 1488 3660 suam
1502 3598 1575 3659 tam·
1591 3584 1693 3659 facile
1715 3584 1758 3659 ad
1778 3588 1901 3659 omnia
1923 3584 2091 3683 exempla
2110 3590 2285 3685 applicari
2299 3586 2401 3687 polle.
2477 3581 2483 3632 ²

1029 3700 1067 3781 Si
1086 3728 1155 3804 pro
1180 3704 1295 3778 curvis
1314 3700 1644 3776 transcendentibus
1666 3712 1803 3776 tentare
1831 3698 1996 3777 voluisset
2012 3701 2234 3780 solutionem
2244 3762 2262 3792 ‚v
2292 3706 2407 3781 obser·

1030 3844 1113 3897 vare
1138 3816 1308 3919 potuisset
1337 3820 1470 3892 minua
1497 3829 1671 3917 quantum
1696 3816 1816 3892 adhuc
1841 3815 1983 3905 deelle,
2017 3822 2214 3917 quominus
2237 3821 2303 3897 ista
2337 3844 2406 3897 me·

1029 3936 1164 4015 rhodus
1182 3934 1357 4011 succedat
1403 3930 1548 4033 Aliquid
1574 3932 1739 4034 ptoseslo
1755 3936 1795 4009 in
1817 3929 1898 4010 casu
1926 3932 2251 4013 transcendentium
2279 3940 2404 4037 depre-

959 4121 967 4133 .
1028 4053 1175 4141 hendo,
1204 4050 1304 4153 quod
1320 4050 1355 4125 dr
1372 4048 1461 4123 mihi
1478 4051 1676 4125 etiamnum
1692 4072 1871 4127 remoram
1885 4052 2021 4145 injicit,
2046 4050 2226 4153 sarcitque,
2249 4070 2291 4129 ut
2314 4079 2402 4129 non-

999 4165 1001 4175 '
1029 4172 1116 4247 dum
1142 4168 1337 4267 plenariam
1361 4165 1606 4261 solutionem,
1637 4164 1745 4241 talem
1774 4166 1916 4265 qualem
1935 4180 2125 4264 optarem,
2148 4168 2326 4245 invenisse
2348 4194 2406 4248 ure

1026 4286 1153 4385 perure
1176 4282 1330 4383 pollina,
1360 4281 1483 4358 saltem
1507 4282 1543 4355 in
1572 4278 1782 4379 quibusdam
1805 4282 2132 4361 transcendentium
2163 4272 2364 4381 'generibus
2392 4308 2405 4381 ς

1025 4428 1110 4479 nam
1133 4406 1168 4476 in
1184 4400 1370 4499 permultis
1391 4398 1469 4475 aliis
1493 4421 1548 4475 res
1574 4394 1665 4471 mihi
1679 4400 1894 4495 perpulchre
1915 4398 2082 4477 succedit.
2118 4400 2207 4477 Non
2221 4402 2408 4478 beneme-

1024 4522 1149 4607 mini,
1180 4542 1266 4593 num
1300 4518 1500 4615 aperuerim
1524 4510 1817 4591 Hermanno
1841 4515 2180 4593 differentiationem
2203 4520 2407 4595 extraordi-

1021 4636 1183 4727 narianr;
1214 4634 1353 4713 videtur
1371 4647 1491 4709 tamen
1502 4629 1715 4731 probabile,
1735 4632 1786 4708 ob
1808 4633 2047 4733 frequentem,
2070 4633 2403 4735 quamhabuimus.
2487 4709 2488 4714 a

976 4848 979 4855 ⁴
1070 4853 1130 4949 (ι)
1155 4856 1253 4950 Epist.
1285 4860 1356 4929 VI.
1464 4880 1467 4885 ·
2357 4754 2406 4829 de

1072 4951 1133 5049 (ι’.)
1164 4966 1238 5052 opp.
1267 4955 1421 5033 Rernoull.
1451 4961 1550 5037 Tom.
1576 4958 1600 5033 Ι.
1626 4961 1687 5039 N⁰.
1715 4958 1808 5035 LII.
1836 4985 1908 5056 pag.
1930 4968 2011 5050 267.
2031 4968 2112 5043 2683
