5459 6684
399 824 435 890 ι
454 812 734 885 maur-rm
761 811 840 877 rr·
862 810 1268 898 neruo-uam,
1297 802 1620 900 nureo-tur
1662 846 1731 921 ¹3⁷

426 934 651 1049 Gregoriani
673 932 815 1033 Operis
846 932 1095 1013 Astronomioi
1118 924 1192 1037 (r)
1214 960 1332 1035 pauca
1353 944 1462 1045 legi3
1489 954 1590 1051 quod
1620 958 1847 1055 appa-1705.

321 1068 410 1132 :reat
437 1080 520 1157 quae
556 1056 657 1131 bona
690 1049 800 1125 habet
828 1050 903 1125 fere
930 1051 974 1128 ab
1007 1046 1084 1129 aliis
1111 1049 1180 1128 effe
1218 1054 1405 1159 descripta.
1460 1060 1518 1143 Ex
1542 1090 1619 1169 quo
1649 1049 1806 1155 vierut

333 1194 422 1247 eum
459 1168 617 1251 noluisse
638 1165 843 1266 agnoscere
871 1188 1030 1243 errorem
1059 1168 1288 1248 manifestum
1313 1168 1410 1282 (a),
1442 1183 1544 1281 quod
1571 1188 1722 1286 ingenui

321 1269 483 1380 -erat,'.[
503 1288 549 1363 de
583 1309 658 1387 quo
685 1305 763 1359 non
793 1282 922 1363 dubito
950 1284 1040 1385 quin
1068 1285 1204 1385 aliquid
1228 1290 1275 1375 ad
1300 1289 1602 1377 Morvnnuu
1635 1304 1721 1385 scri-

333 1403 430 1479 bens
449 1403 640 1502 tetigeris]
672 1398 775 1478 valde
802 1399 898 1500 apnd
912 1423 977 1477 me
1002 1402 1192 1480 imminuta
1211 1406 1261 1481 est
1286 1412 1362 1508 ejus
1377 1406 1602 1495 existimatio.
1623 1418 1718 1497 Nes·
1847 1498 1850 1515 ,

332 1520 397 1594 cio
426 1542 473 1595 an
511 1518 638 1596 videris
674 1515 859 1593 Libellum
889 1520 965 1611 ejus
1003 1515 1182 1619 Opticum
1204 1514 1289 1628 (3).
1336 1526 1453 1609 Totus
1479 1534 1605 1613 nititur
1629 1560 1716 1617 meo

323 1634 519 1735 principio
548 1637 587 1711 in
617 1624 722 1711 Attis
755 1632 949 1742 indicato,
987 1636 1088 1734 quod
1130 1640 1255 1717 circuli
1307 1644 1508 1725 osculantes
1542 1653 1580 1728 in
1613 1658 1718 1751 praui

322 1772 399 1847 pro
428 1750 657 1829 succedanets
678 1749 806 1829 affrmri
828 1749 960 1851 poffint
984 1748 1257 1849 Parabolarum,
1281 1757 1577 1863 Hyperbolarum
1600 1770 1636 1845 &
1657 1767 1719 1847 El.

247 1873 248 1882 ‘
313 1864 495 1964 dipsium:
523 1867 562 1943 id
592 1882 714 1945 tamen
745 1866 961 1956 diffiniunt,
996 1872 1119 1971 aitque
1150 1870 1230 1950 haec
1258 1878 1447 1965 astante
1477 1884 1617 1961 multoe
1643 1889 1718 1983 jam

319 2006 440 2059 annos
455 1982 563 2064 ,fuiffe
585 1985 800 2085 conscripta.
848 1984 920 2062 Sed
944 2008 1031 2063 cum
1063 1987 1227 2067 videatur
1250 1996 1421 2090 proclivia
1453 1998 1498 2078 ad
1533 2004 1708 2099 paucula,
1777 2022 1781 2025 ·

311 2122 403 2197 quae
440 2096 542 2177 forte
565 2104 711 2177 invenit
731 2158 750 2188 .,
785 2101 1034 2200 protrudenda
1068 2107 1107 2179 in
1136 2107 1348 2206 publicum3
1382 2114 1494 2193 credo
1520 2114 1613 2197 hane
1638 2142 1716 2197 me-

324 2215 544 2293 ditationem
568 2214 644 2291 non
671 2215 931 2314 spernendam,
960 2242 1042 2295 non
1078 2220 1161 2317 [ut
1180 2247 1253 2302 nor
1276 2225 1434 2311 solemur
1458 2232 1473 2327 ]
1499 2256 1648 2316 nonum
1672 2238 1713 2313 in

320 2349 468 2407 unnum
500 2330 679 2427 preffiffet.

392 2442 537 2520 Mirum
559 2443 811 2545 quodadduei
830 2446 957 2543 poffit,
989 2462 1034 2525 ut
1059 2475 1220 2530 errorem
1237 2458 1554 2543 remunerarer
1580 2464 1737 2547 riman·

336 2548 585 2667 Caffinionam
610 2552 702 2670 (4):
729 2558 822 2638 forte
842 2562 961 2649 fecit,
992 2568 1075 2663 quia
1101 2569 1337 2651 adversarium
1361 2574 1487 2657 habuit
1513 2584 1556 2683 in
1578 2580 1717 2687 Anglin

330 2676 616 2767 imminentem,
647 2680 697 2754 ita
723 2700 800 2754 non
832 2677 934 2754 ausus
959 2680 1007 2755 est
1032 2705 1258 2782 repugnare,
1285 2713 1330 2767 ne
1352 2690 1600 2775 Currum
1627 2724 1717 2779 con⁴

331 2795 488 2869 terranei
520 2792 596 2870 fato
627 2806 796 2872 uteretur.
824 2792 970 2873 Reddas
987 2799 1099 2877 credo
1132 2806 1295 2883 animum
1320 2807 1465 2906 adjiciet
1484 2814 1535 2891 ad
1557 2814 1712 2897 -Gracoe

329 2901 611 2985 Mathematicus
636 2908 811 2987 edendos.

397 3019 551 3098 Lineam
575 3047 657 3123 quae
686 3026 840 3123 angulos
863 3030 962 3123 eirea
995 3046 1109 3105 unum
1136 3032 1264 3112 focum
1288 3037 1423 3119 'habeat
1452 3051 1706 3149 proportiona-
1790 3124 1792 3131 .

323 3136 376 3211 les
401 3138 492 3213 ereis
522 3140 620 3216 circa
654 3140 804 3218 alterurn
833 3144 966 3221 focum
1001 3148 1157 3224 omnino
1186 3152 1388 3251 poffibilem
1419 3176 1551 3263 puto,
1587 3190 1707 3267 neque

324 3249 512 3354 desperem
536 3254 582 3332 ad
605 3278 684 3333 earn
711 3262 919 3355 pervenire,
957 3260 984 3337 fi
1009 3284 1065 3338 rea
1082 3268 1185 3341 <tanti
1211 3267 1303 3345 effet

402 3366 459 3443 Ad
488 3374 756 3467 promovendas
777 3376 1008 3474 quadraturas
1044 3380 1136 3489 ultra
1163 3381 1295 3482 limite-s
1323 3412 1419 3490 quoe
1442 3394 1612 3475 haetenus
1645 3398 1708 3476 ha·
1864 3382 1869 3389 ¹

326 3484 481 3571 bernus,
504 3483 655 3584 ipseque
682 3485 829 3587 reliquit
854 3490 1160 3583 anronnr,
1183 3500 1258 3577 aliie
1282 3506 1416 3586 artibus
1440 3530 1534 3609 opus
1567 3525 1706 3609 putem.

385 3596 506 3701 Angli
529 3601 693 3680 affedant
719 3606 853 3703 panda
875 3607 1046 3686 adhibere
1066 3632 1136 3713 pro
1162 3613 1278 3694 nostra
1305 3620 1423 3697 littera
1441 3622 1468 3698 d
1473 3648 1485 3718 3
1516 3628 1617 3727 quod
1646 3628 1707 3705 etii

324 3716 458 3794 nullius
482 3724 664 3799 momenti
691 3724 731 3797 in
758 3728 955 3801 -communi
979 3727 1044 3806 usu
1069 3728 1256 3809 discrimen
1274 3734 1343 3823 dit,
1363 3737 1448 3815 sunt
1473 3754 1598 3821 tamen
1624 3745 1707 3823 usur

324 3832 535 4026 finguiTares,
551 3838 626 4027 Ιιιῗι
651 3839 797 3938 puntta
811 3862 890 3918 non
909 3841 1112 3959 suffieiunt3
1136 3871 1375 4039 ηοιιὲροωω
1400 3854 1608 3939 differentiae
1627 3884 1710 3961 gra-

449 3974 513 4025 om.
601 4010 610 4027 .
671 3990 675 3999 ·
1013 4002 1019 4014 ·
1641 3978 1709 4057 dur

368 4131 438 4304 1(ss
468 4138 622 4211 Hermum
657 4142 861 4217 Affronomia
896 4149 1024 4240 Phyfica
1052 4148 1097 4234 Ed
1125 4158 1328 4228 Gemoetricae.
1360 4161 1478 4234 Onon.
1513 4179 1618 4253 1702.
1648 4162 1708 4241 fol.

325 4248 397 4302 ve*
436 4258 530 4305 enev.
561 4246 667 4324 1726.
695 4244 745 4329 4‘.

373 4325 435 4419 (2)
460 4336 551 4405 circa
583 4340 790 4409 caseorum
818 4338 897 4411 Via
920 4340 1022 4433 Epire
1054 4342 1566 4431 ¹LXXVIII-LXXXI.

374 4423 437 4517 (3)
465 4436 643 4524 campana
666 4432 712 4519 Sd
738 4442 905 4529 Dioptricae
931 4436 1083 4532 aptarier
1102 4444 1265 4520 demensa.
1292 4452 1408 4529 oxon.
1436 4464 1543 4547 1695.
1563 4460 1609 4540 8³.
1627 4458 1704 4533 Vid.
1792 4486 1795 4495 ·

322 4523 422 4616 Epist.
451 4527 643 4603 xxxll.
671 4536 706 4605 de
729 4535 931 4609 XXXIV.
1080 4591 1087 4601 ,

371 4617 432 4712 (4)
459 4624 530 4697 Lib.
557 4628 631 4701 IIL
659 4632 756 4725 Prop.
794 4640 826 4713 8·
849 4632 997 4727 posterae
1029 4645 1319 4720 Caetronius
1345 4674 1412 4720 eam
1433 4646 1487 4744 effe
1512 4648 1704 4729 carnum

321 4718 461 4810 fllipseos
485 4741 634 4795 murram
658 4778 670 4814 ,
698 4749 737 4801 ut
760 4732 866 4822 angtdr'
885 4739 968 4807 circa
989 4738 1099 4829 sacrun
1118 4770 1215 4819 mrem
1238 4752 1319 4819 aret}
1338 4754 1420 4818 circa
1437 4748 1546 4842 soom
1572 4752 1706 4825 alter-rou

321 4814 419 4933 εχῖιτιιΙ
426 4825 696 4913 proportionales:
716 4826 753 4899 id
781 4830 899 4920 quod,
926 4836 1022 4925 pardo
1041 4839 1150 4934 post,
1175 4860 1299 4921 mutata
1312 4844 1442 4941 plagula
1452 4898 1466 4938 ,
1491 4872 1556 4924 non
1580 4867 1707 4925 rmum

307 4911 457 5005 sorno,
476 4917 537 5007 sed
560 4947 724 5001 mennon
748 4924 984 5012 mutavit
