5459 6684
417 767 1754 887 rarunrrrrerraau'ouinrnnnsa.dcxxix.231

365 928 478 1014 leni,
514 927 774 1026 potiusquam
801 923 1052 1026 Hyperbotam
1083 925 1275 1026 spiralem,
1313 937 1376 1001 aut
1405 926 1553 1004 alteram
1584 928 1685 1003 illam
1715 929 1746 1006 al
1778 958 1903 1034 1710

365 1047 610 1145 gemeticum,
642 1056 703 1117 aut
728 1043 834 1119 aliam
858 1046 963 1119 etiam
990 1065 1099 1143 quana
1130 1041 1302 1118 exhibere
1331 1037 1580 1140 patientta
1615 1067 1762 1146 quoque
1776 1051 1849 1123 An
1829 1055 1913 1146 ιιι

367 1187 456 1238 non
490 1158 661 1261 procedit
684 1153 932 1236 Naw‘rorir
960 1158 1114 1236 conclus
1118 1183 1144 1235 0
1179 1160 1224 1235 ad
1257 1156 1485 1234 stabiliendas
1514 1157 1592 1234 suas
1625 1184 1765 1262 propo-

367 1278 527 1354 fitiones
552 1273 770 1362 conversas,
804 1263 866 1350 etfi'
893 1300 983 1353 verae
1007 1275 1107 1369 iinta
1140 1279 1222 1376 quia
1260 1278 1357 1374 prius
1395 1297 1470 1348 non
1507 1273 1764 1354 demonstravit

369 1395 482 1494 leges
510 1393 587 1472 illas
614 1393 741 1466 uirium
766 1396 1046 1491 centripetarum
1065 1387 1084 1495 (
1096 1394 1198 1494 quod
1223 1391 1303 1468 saue
1327 1391 1573 1467 demonstratu
1592 1389 1764 1522 difficilli-

370 1535 488 1588 nrum
515 1498 602 1607 est)
631 1506 718 1583 solia
753 1508 968 1585 sectionibus
998 1512 1135 1586 corticis
1163 1523 1380 1608 competere.

440 1613 634 1734 (1)Pag
651 1635 763 1710 ado,
792 1649 898 1725 prop
927 1651 997 1714 10,
1030 1624 1221 1702 Probiema
1244 1627 1343 1713 hoc,
1368 1648 1446 1724 quo
1472 1627 1658 1728 quaeritur,
1683 1641 1766 1704 tum

366 1744 492 1820 medii
517 1738 707 1818 densatae
696 1763 733 1814 ιιι
768 1740 860 1817 loeis
894 1741 1070 1840 fingulis,
1108 1767 1187 1843 quae
1224 1742 1403 1818 meiat-ut
1439 1741 1582 1843 Corpus
1609 1744 1767 1846 quodvis

367 1863 410 1936 in
430 1859 527 1937 data
553 1859 679 1955 quavis
709 1856 803 1952 linea
835 1879 943 1934 curva
968 1874 1155 1936 moveatur
1179 1908 1190 1954 ‚
1216 1872 1295 1934 turn
1331 1863 1496 1956 corporis
1522 1861 1694 1939 velocitas
1710 1863 1766 1960 ‘in

372 1977 507 2052 iisdem
533 1973 627 2048 iocis
647 2017 662 2058 a
685 1970 930 2072 supponendo
950 1974 1181 2052 resistentiam
1209 1975 1243 2049 se
1267 1973 1302 2050 se
1320 1974 1451 2050 habere
1481 1992 1521 2054 ut
1543 1979 1656 2054 medii
1676 1977 1764 2052 den-

372 2090 519 2170 fitatem
544 2081 581 2164 dc
610 2089 823 2188 quadratum
852 2093 1051 2168 velocitatis
1078 2091 1299 2187 coniuntiim
1319 2110 1337 2166 a
1362 2087 1447 2168 Hoc
1462 2091 1678 2182 Problema,
1710 2095 1766 2167 in

377 2233 518 2310 quam,
541 2206 633 2282 mini-
663 2226 739 2282 non
768 2208 861 2284 rede
885 2210 931 2284 ab
957 2207 1111 2285 Audore
1139 2207 1305 2284 solutum·
1333 2207 1483 2285 videtur.
1532 2208 1763 2310 Quamquam

380 2341 511 2401 autern
535 2323 655 2399 multis
693 2327 735 2398 in
766 2325 858 2412 locis
888 2325 1072 2402 euidentia
1096 2323 1340 2412 desideratur,-
1365 2323 1452 2400 Ubi
1475 2341 1593 2403 tamen
1621 2326 1763 2428 praecise

384 2455 543 2518 erratum
566 2438 608 2514 fit
631 2463 703 2517 non
733 2437 854 2515 iacile
850 2441 1047 2538 detegitur.
1082 2440 1276 2540 Quidquid
1296 2438 1365 2528 fit,
1390 2463 1437 2515 ex
1460 2431 1642 2520 solutione
1667 2447 1765 2519 Auc-

385 2560 485 2634 toris
519 2555 698 2632 manifeste
730 2556 1053 2633 contradictorium
1090 2557 1260 2658 iaquitu'r'
1319 2545 1420 2633 Nanr
1453 2580 1543 2656 pag.
1567 2571 1670 2652 265,
1703 2559 1768 2632 ubi

385 2669 544 2774 applicat
567 2665 785 2748 solutionem
819 2674 1027 2771 generalem
1063 2675 1109 2750 ad·
1144 2675 1352 2761 circuiunt,
1386 2677 1525 2749 invenit
1557 2673 1770 2752 densitatem

384 2788 700 2892 proportionalem
716 2792 895 2886 tangentis
923 2790 1148 2898 longitudini
1171 2788 1270 2876 Tc,
1290 2790 1327 2864 dc
1352 2790 1585 2867 velocitatem
1611 2813 1766 2891 propor-

385 2907 556 2984 tionaiem
583 2903 650 3004 ιρι
676 2894 715 2996 ιι
728 2904 818 2992 BC,
852 2909 957 3006 quod
981 2910 1090 2984 etiam
1119 2911 1166 2982 ita
1202 2903 1270 2982 effe
1302 2920 1370 3006 per
1393 2927 1511 2983 meam
1546 2906 1765 2984 solutionem

382 3026 550 3100 invenio:
583 3021 642 3096 fed
673 3021 820 3122 quando
857 3023 966 3101 habet
995 3022 1254 3110 resistentiam,-
1277 3021 1344 3098 ess‘e
1379 3023 1424 3100 ad
1452 3026 1685 3120 gravitatem,
1725 3035 1809 3098 ut

384 3138 460 3220 OB
486 3140 532 3216 a‘d
546 3137 690 3216 'circuli
711 3137 1014 3219 semidiamettunr
1038 3136 1140 3237 OK,
1167 3139 1242 3216 hoc
1266 3155 1392 3216 verum
1418 3139 1485 3216 effe
1511 3161 1588 3218 non
1620 3139 1763 3241 potest;

386 3256 490 3358 quod
517 3259 566 3331 ita
592 3255 701 3331 facile
729 3257 851 3353 probo
863 3276 876 3349 3'
903 3283 990 3336 cuur
1020 3262 1121 3334 enim
1155 3258 1207 3331 vis
1233 3258 1415 3353 gravitatis
1447 3256 1608 3335 absoluta
1632 3255 1680 3334 xfit
1720 3254 1769 3331 ιιι

388 3396 469 3449 eam
497 3375 574 3469 ejus
592 3383 757 3471 partem,
799 3394 870 3472 qua
897 3373 1098 3452 secundum·
1130 3386 1345 3470 tangentem
1364 3389 1486 3450 curvae
1507 3387 1658 3471 urgetur
1686 3395 1770 3448 moa

392 3489 489 3578 bile,
513 3485 718 3592 (quamque
743 3487 782 3565 N
790 3509 1024 3567 awronus
1058 3492 1136 3564 vim·
1153 3494 1351 3564 mutricem·
1363 3481 1521 3588 vocat),
1543 3505 1583 3562 ut
1597 3486 1692 3564 finus
1707 3501 1765 3562 to-

388 3619 445 3683 tus
464 3605 507 3683 ad
527 3603 644 3682 sanum
659 3605 905 3683 inclinationis
921 3609 1104 3703 tangentis·
1123 3605 1166 3682 ad
1182 3604 1426 3691 horizontem,
1447 3604 1520 3677 hoc
1534 3603 1594 3689 est,
1615 3613 1657 3678 ut
1672 3599 1761 3690 OC,

388 3723 446 3801 feu
468 3721 574 3812 OK,.
593 3723 639 3800 ad
666 3719 767 3801 OB:
794 3719 878 3797 eiiet
898 3725 1019 3823 itaque
1043 3725 1199 3821 gravitas·
1218 3722 1261 3796 ad
1278 3717 1534 3805 resistentiam,
1556 3729 1597 3794 ut
1612 3723 1766 3816 gravitas

390 3840 435 3916 ad·
456 3841 531 3916 uim
554 3833 777 3917 matricem?
802 3838 968 3940 adeoque
992 3832 1179 3914 refistentia
1202 3836 1349 3936 aequalis
1387 3836 1423 3909 vi
1453 3836 1627 3922 nrotri'ci,
1658 3837 1695 3910 dc
1719 3833 1772 3911 fic·

390 3968 562 4056 quantum
592 3957 638 4031 de
668 3956 858 4032 velocitate
889 3979 955 4053 per
988 3953 1218 4030 reiistentiam
1250 3951 1417 4052 quolibet
1442 3963 1636 4026 momento
1664 3955 1770 4028 amit-

391 4084 547 4156 teretur,
579 4071 806 4147 tantumdem
843 4072 1012 4169 pervim
1044 4071 1241 4144 morricenr
1270 4067 1524 4147 resarciretur:
1556 4067 1643 4143 hinc
1676 4091 1771 4166 ergo·

393 4183 561 4258 velocitas
589 4186 682 4260 foret
712 4187 927 4285 aequabilis,
968 4187 1004 4260 da
1030 4195 1153 4260 tamen
1189 4183 1279 4260 dicit
1314 4183 1517 4260 decrescere
1551 4186 1589 4258 in
1625 4186 1772 4262 ratione

394 4294 499 4396 ipiiur
525 4289 560 4389 cl
582 4297 677 4392 BC3
703 4301 867 4401 adeoque
888 4299 952 4376 fibi
980 4301 1203 4378 contradicit.
1242 4298 1322 4398 Ego
1352 4314 1417 4399 p'er
1445 4321 1569 4375 meum
1602 4298 1768 4378 foivendi

394 4413 567 4502 modum,
597 4419 660 4516 qui
688 4417 790 4493 vaide
811 4417 978 4495 naturalis
997 4418 1161 4504 ridetur,
1184 4419 1336 4493 invenio·
1366 4414 1595 4492 resistentiam
1618 4416 1662 4492 ad
1686 4441 1767 4516 gra-

393 4533 542 4610 vitatem
562 4545 605 4610 ut
630 4531 730 4624 3013
756 4532 801 4613 ad
831 4531 958 4611 circuli
982 4533 1199 4612 diametrum
1220 4529 1318 4623 ΑΚ,
1347 4557 1394 4611 ex
1421 4555 1498 4635 quo
1525 4532 1765 4736 ιιιιιιιιιὲιᾶἒῗι

395 4813 502 5006 aii)
535 4820 600 4898 ua.
620 4827 695 4914 opp.
712 4820 810 4893 rona
826 4816 853 4890 1.
867 4817 929 4890 ιι.
949 4815 1177 4895 nmmum.
1193 4842 1266 4915 pua
1284 4837 1363 4912 502.
1385 4820 1490 4894 ιιι.
1508 4818 1582 4892 xc
1604 4841 1677 4910 pag.
1695 4833 1774 4930 aa
