5459 6684
996 754 1066 841 aar
1240 718 1671 829 connuncrun
1729 677 2198 808 arrrrorruurr.

1028 910 1033 917 ·
1082 880 1124 965 P.
1155 880 1192 963 S.
1223 878 1515 979 italus,quidam
1542 872 1776 977 ingeniosus,
1807 885 1853 949 ut
1876 840 2024 971 apoarer
2041 892 2070 965 ‚⁴
2087 870 2125 946 δι
2156 869 2201 943 in
2236 864 2424 945 Calcaria

1000 1000 1123 1081 nollru
1160 998 1342 1093 versatas,
1371 993 1465 1073 milit
1494 994 1587 1071 mihi
1615 990 1782 1071 schedam
1816 984 2021 1086 adjundtam
2062 984 2108 1061 de
2143 984 2420 1085 provehenda

1001 1118 1179 1197 methodo
1207 1118 1433 1215 tangentium
1463 1111 1633 1191 inversa:
1662 1108 1759 1185 hauc
1788 1120 1876 1206 peto
1914 1116 1956 1180 ut
1986 1104 2197 1190 examines,
2230 1097 2280 1179 dr
2319 1104 2415 1177 milri

927 1254 931 1265 '
1002 1238 1086 1315 'cum
1111 1232 1250 1332 judicio
1286 1232 1374 1316 Tuo
1404 1232 1578 1309 remittas.
1630 1224 1690 1305 Est
1719 1225 1901 1323 laecpan
1933 1218 2165 1306 Matheteos,
2196 1219 2408 1296 volatilla

1000 1350 1063 1431 Dr
1080 1374 1308 1429 ornamur
1326 1406 1337 1439 ,
1357 1361 1399 1427 ut
1423 1348 1535 1427 variar
1566 1360 1659 1428 artes
1684 1344 1724 1419 in
1748 1339 1934 1418 nonnullis
1953 1335 2089 1415 cafibua
2114 1338 2271 1415 utiliter
2301 1336 2405 1413 adhi-
2459 1309 2461 1430 i

1002 1464 1087 1547 bere
1113 1468 1231 1547 liceat
2459 1555 2461 1578 !

1451 1647 1453 1649 ,
1637 1626 2386 1675 ..Μ
2459 1611 2461 1647 ι

1298 1788 1845 1883 EPrsTOLA
1900 1782 2103 1896 ccarx.

1047 2013 2323 2131 nannourrrrrurnrnnrrrnnr
2459 2057 2461 2132 ρ

1248 2258 1569 2426 Responsio
1592 2258 1663 2383 ad
1698 2254 2132 2425 precedentem.

1010 2525 1062 2597 De
1085 2530 1256 2599 romanica
1265 2518 1487 2618 monoomdn.
1525 2529 1578 2597 De
1603 2524 1770 2597 Platon
1784 2536 1809 2593 a
1825 2538 1870 2593 rr
1914 2525 2074 2591 annotatis
2110 2526 2146 2589 in
2177 2512 2274 2607 'snm
2308 2518 2374 2593 lla

1045 2624 1195 2699 nutriam
1210 2626 1399 2699 Nauticam.
1442 2619 1676 2713 Dehydrauiica
1702 2613 1922 2691 Mathunatice
1947 2614 2123 2687 nattam.
2168 2624 2222 2688 De
2235 2618 2355 2690 frudi.

1084 2741 1168 2795 mne
1193 2723 1305 2817 Anglis
1327 2720 1538 2817 proponendo.
1558 2722 1611 2837 Da
1624 2722 1656 2795 R
1669 2740 1682 2793 1
1696 2738 1717 2791 c
1729 2738 1784 2791 ca
1797 2734 1842 2789 Tr
1849 2714 1967 2810 scritto
1978 2714 2293 2808 qrtodumAnalytico
2361 2772 2365 2781 .

1237 2913 1314 2999 Vir
1337 2912 1584 3023 Amplillimc
1614 2932 1736 3020 atque
1755 2903 2033 2995 celeberrime
2052 2908 2198 2992 Fauror

1435 3130 1457 3167 ἡ,
1523 3024 1878 3119 Honoratiffime!
1999 3024 2006 3033 ’
2425 3071 2434 3196 ⁴

1052 3252 1071 3341 i
1101 3256 1168 3339 tibi
1193 3250 1380 3361 arrident,
1402 3262 1482 3363 quat
1510 3254 1555 3338 de
1576 3280 1615 3338 re
1644 3256 1787 3339 nautica
1814 3254 1957 3361 scripii,
1981 3256 2102 3339 habeo
2127 3254 2267 3362 dequo
2288 3264 2376 3342 mihi

997 3386 999 3391 “
1066 3378 1247 3478 gratuler3
1272 3401 1359 3457 eum
1385 3378 1620 3475 enimlinem
1644 3372 1819 3455 assecutus
1848 3376 1952 3467 sum,
1979 3402 2094 3480 quem
2121 3378 2370 3469 intenderam,

997 3494 1131 3574 scilicet
1157 3510 1198 3575 ut
1217 3496 1307 3573 nihil
1330 3496 1377 3575 de
1404 3520 1447 3575 ea
1463 3496 1610 3573 materia
1629 3494 1824 3603 scripturus
1855 3492 1985 3585 client,
2009 3496 2150 3597 quoda
2172 3500 2255 3575 viris
2274 3490 2371 3575 Duc-

995 3616 1041 3689 tis
1069 3608 1318 3714 &Judiciosrs
1351 3614 1547 3715 approbari
1570 3629 1649 3690 nun
1675 3607 1799 3711 pollet
1847 3607 1989 3690 Tecum
2009 3612 2126 3691 sentio
2151 3667 2163 3705 ,
2185 3616 2287 3717 quod
2305 3640 2374 3693 nun

861 3767 864 3777 ·
995 3730 1088 3807 male
1118 3730 1377 3818 attaminet,
1402 3727 1429 3805 fi
1453 3729 1750 3807 taliburlnventiu
1779 3727 1978 3807 mediocria
2010 3734 2159 3831 praemia
2188 3732 2372 3811 statuerem

992 3858 1078 3945 tur,
1104 3860 1147 3924 ut
1175 3846 1297 3925 saltem
1316 3850 1558 3927 excitarentur
1575 3849 1723 3945 ingenia
1741 3842 1787 3941 ad
1811 3846 2046 3925 moliendum·
2066 3844 2202 3950 aliquid
2224 3872 2290 3951 pro
2307 3852 2366 3926 bo·

991 3984 1043 4039 no
1072 3964 1223 4065 publico
1245 3988 1257 4058 ;
1283 3968 1363 4065 quis
1397 3967 1496 4041 enim
1530 3965 1685 4041 libenter
1712 3986 1863 4065 operam
1895 3962 1993 4041 suam
2038 3964 2311 4054 commodabit,
2342 3963 2364 4041 li
2459 4001 2460 4038 ᾗ

990 4078 1187 4179 prasertim
1210 4097 1257 4157 ex
1282 4104 1322 4157 ea
1346 4104 1416 4159 nec
1440 4082 1580 4181 gloria,
1606 4104 1677 4157 nec
1696 4080 1868 4170 lucrum,
1899 4078 1960 4159 sed
1989 4079 2221 4183 *dispendium
2251 4086 2365 4185 potius

988 4200 1163 4299 temporis
1186 4198 1223 4275 dr
1248 4200 1412 4299 pecunia
1436 4194 1508 4303 (ut
1530 4197 1619 4275 mihi
1645 4196 1726 4274 sane
1753 4190 1912 4300 accidit)
1937 4195 2003 4299 ipli
2028 4201 2219 4279 enascatur.
2250 4198 2363 4281 Dnur.

988 4310 1263 4393 Rauranus
1290 4313 1465 4417 quemad
1492 4317 1719 4414 agnitionem
1737 4316 1867 4415 erroria
1896 4312 1975 4417 sui,
1999 4373 2007 4393 .
2029 4370 2038 4391 .
2059 4374 2068 4395 .
2092 4328 2170 4394 ,ai
2190 4368 2364 4394 ......

988 4431 1156 4511 nondum
1179 4432 1323 4534 adigere
1348 4434 1481 4533 potui,
1509 4432 1630 4508 invitis
1656 4431 1826 4508 omnious
1853 4431 1942 4507 meis
1973 4435 2198 4523 rationibus,
2221 4452 2291 4527 tam
2316 4442 2366 4510 iu-

987 4546 1109 4635 libro,
1137 4572 1244 4651 quam
1275 4552 1312 4626 in
1334 4550 1462 4627 litteris
1487 4550 1576 4625 meis
1603 4547 1765 4650 pluribus
1791 4549 1916 4648 postea
1942 4572 2029 4625 cum
2058 4550 2137 4653 ipso
2171 4565 2362 4628 commuta·

985 4666 1059 4750 tis,
1089 4663 1133 4739 ad
1158 4662 1451 4743 sollicitationem
1486 4650 1770 4767 Melitetfium,'
1793 4660 1914 4762 mitius
1942 4666 1991 4740 est
2029 4690 2050 4743 a
2098 4665 2201 4765 Rege
2227 4661 2360 4743 Gallias

984 4802 1070 4858 curn
1086 4778 1227 4883 aliquot
1245 4782 1397 4863 nauibur
1425 4778 1619 4862 hallicarn
1643 4768 1904 4887 Melitetfinm
1927 4781 2114 4873 auxilium,
2130 4796 2252 4862 contn
2279 4776 2359 4859 Tur·

2295 4922 2356 4975 aar.
