5459 6684
412 918 735 1008 retenturi
759 901 1270 995 ribuariorum,
1292 900 1462 979 liner.
1495 895 1628 978 own.
1667 922 1734 991 13!
1778 936 1783 950 ι

355 1108 1739 1179 ’ἑῇ-Μ*

606 1274 1485 1380 nutrioris-cmlii,

419 1494 1677 1602 nernnrrrreouunnounnrum

363 1743 418 1809 De
439 1730 545 1804 reditu
571 1735 605 1797 in
630 1730 795 1805 Patriam,
815 1710 867 1801 ii
890 1713 1011 1790 Fratris
1039 1711 1103 1799 ejus
1124 1724 1232 1781 morte.
1274 1713 1326 1777 De
1346 1708 1674 1792 Hunnrnerno,
1696 1702 1741 1794 El

409 1824 595 1901 werntr'bm
610 1822 695 1916 apul
717 1821 861 1893 Batavos
884 1808 1127 1903 Profeffionibns.
1164 1813 1215 1878 De
1239 1804 1533 1879 rotomnam
1556 1813 1639 1874 inter
1661 1806 1744 1877 Ger.

377 1929 528 1998 manos
558 1928 702 1991 raritate.
731 1921 783 1987 De
813 1912 912 1981 Criu
925 1929 938 1979 r
951 1928 978 1979 nr
992 1928 1051 1979 ner
1083 1904 1176 1976 libro
1193 1922 1255 1996 pro
1273 1912 1409 1974 veritate
1432 1904 1598 1999 Religioni
1627 1907 1677 1972 De
1686 1900 1747 1991 sua
1820 1900 1821 1909 '

403 2020 561 2095 Methudo
589 2007 838 2110 transformandi
870 2012 1000 2082 Curvae.
1043 2010 1096 2078 De
1121 1998 1330 2075 Arithmetica
1352 2001 1502 2095 dyadica,
1528 1996 1574 2087 Εᾶ
1600 1994 1748 2095 Pbospbe.

404 2146 447 2193 ro
469 2117 659 2191 ‚manian

513 2374 521 2387 ·
568 2335 649 2422 Vre
671 2328 974 2433 Celeberrlme,
995 2332 1149 2413 Fautor
1176 2323 1504 2425 Honoratiffiure
1531 2324 1544 2409 l

442 2584 618 2661 Arnum
652 2578 710 2657 Te
746 2602 828 2654 curu
852 2578 947 2655 'luis
984 2574 1157 2652 adueuilse
1185 2600 1232 2651 ex
1261 2580 1386 2653 animo
1418 2574 1569 2677 gaudeo.
1634 2572 1748 2669 Quod
1769 2610 1871 2685 1705·

454 2724 544 2776 vero
571 2697 779 2775 Dominum
803 2687 975 2769 Fratrem
997 2694 1117 2767 vivum
1137 2714 1214 2767 uon
1246 2692 1435 2781 invenisti,
1467 2692 1589 2774 dolere
1612 2714 1670 2769 ure
1695 2694 1747 2769 sa·
1767 2693 1893 2778 ottob..

366 2834 464 2892 teor.
513 2814 706 2916 Sperabam
749 2814 890 2888 enirna
925 2809 1042 2906 vestro
1072 2808 1262 2907 colloquio
1287 2807 1324 2880 &
1353 2808 1617 2906 conspiratione
1642 2808 1752 2911 pluri-

367 2956 478 3008 mum
514 2932 645 3007 leubus
675 2925 899 3023 Reipublicae
927 2925 1130 3013 litterariae,
1157 2924 1194 2999 ἀ
1219 2923 1376 3000 vestrum
1404 2928 1538 3023 utique.
1568 2923 1640 3002 Sed
1661 2950 1753 3028 quo·

369 3053 471 3123 niam
499 3046 584 3137 Deo
608 3046 711 3120 aliter
732 3041 846 3121 risum
877 3040 943 3129 est,
971 3044 1144 3149 convenit
1168 3038 1313 3118 Diviuae
1330 3039 1507 3119 voluntati
1529 3042 1753 3122 nollrumac·

371 3160 605 3239 commodari

426 3276 553 3355 Velim
579 3298 658 3375 quae
688 3276 833 3379 reliquit
861 3273 1090 3362 conservari,
1125 3277 1162 3350 &
1187 3278 1227 3351 in
1254 3276 1423 3375 publicos
1447 3278 1527 3357 usus
1560 3276 1762 3383 transferri*

373 3387 464 3470 Tibi
502 3392 662 3488 gratulor
684 3389 798 3469 Patria
829 3396 866 3469 δι
892 3394 1109 3484 amiciciam
1143 3390 1299 3479 fruenti,
1334 3393 1400 3481 ἃ,
1433 3394 1534 3493 quod
1566 3416 1722 3492 auguror
1737 3381 1771 3481 ,‘
1924 3466 1928 3469 .

379 3511 444 3585 diu
471 3506 637 3582 fruituro.
682 3506 761 3582 Nec
786 3508 933 3595 dubito,
965 3506 1066 3583 huuc
1093 3522 1238 3605 gratum
1259 3532 1381 3584 rernm
1408 3508 1568 3587 Tuarum
1589 3510 1754 3585 habitum

380 3626 617 3701 incitamento
647 3616 735 3695 Tibi
758 3622 837 3695 sore
865 3622 910 3696 ad
937 3621 1210 3722 prosequendos
1234 3622 1490 3701 laudatissimus
1507 3626 1658 3703 laboret.
1757 3722 1760 3729 Ι

452 3735 651 3831 Clarillimo
673 3732 712 3813 H
721 3756 962 3812 uentano
987 3736 1197 3838 paratiffima
1223 3738 1362 3839 semper
1390 3737 1508 3817 officia
1531 3765 1612 3817 urea
1641 3740 1754 3817 suere.

376 3858 504 3958 ltaque
529 3855 555 3930 li
575 3854 745 3933 consulor
773 3878 794 3930 a
818 3850 1015 3931 Clarissimo
1043 3854 1309 3943 Vorurno,
1337 3856 1441 3932 velsr
1468 3882 1538 3959 qua
1561 3856 1625 3933 alia
1652 3858 1685 3933 le
1704 3850 1760 3929 of·

378 3976 450 4051 fert
477 3978 568 4048 ratio
598 3974 674 4068 ejus
710 3970 817 4046 rebus
849 3970 1141 4059 commodandi,
1175 3983 1264 4047 nou
1286 3973 1405 4049 deero.
1460 3972 1682 4075 Responsum
1714 3970 1758 4045 ab

381 4088 462 4187 iplo
486 4088 530 4163 ad
558 4111 655 4162 meas
684 4086 859 4186 expeto,
889 4108 976 4184 quas
1003 4090 1037 4162 ei
1067 4081 1271 4184 scripseram
1303 4087 1349 4160 de
1383 4088 1546 4186 dolore,
1577 4110 1684 4189 quam
1721 4089 1761 4161 in

382 4204 562 4279 Societate
593 4192 813 4302 Berolinenst
823 4258 834 4287 ,
862 4224 908 4274 ex
934 4200 1146 4277 denuntiata
1180 4214 1299 4275 morte
1325 4200 1500 4280 clarissimi
1530 4198 1656 4281 Fceris
1687 4200 1761 4279 Tui

383 4318 639 4419 percepimus,
670 4316 789 4417 deque
822 4314 1035 4390 exhibendo
1063 4318 1139 4410 ejus
1180 4318 1329 4391 nomine
1368 4315 1490 4395 officio
1517 4320 1762 4399 consolatorio
1856 4376 1858 4383 .

385 4432 484 4532 apud
515 4430 715 4509 Dominam
738 4432 917 4531 Viduam,
944 4428 1097 4520 liberor,
1127 4433 1165 4507 ἀ
1182 4434 1373 4531 proximos
1388 4436 1523 4536 ,quod
1547 4438 1590 4513 ad
1618 4434 1673 4515 Te
1694 4436 1763 4512 uti.

386 4572 459 4651 que
489 4550 525 4622 in
550 4550 673 4647 primis
695 4551 857 4627 refertur.
904 4538 946 4620 ld
962 4544 1053 4643 jussu
1076 4544 1264 4625 societatis
1283 4564 1431 4651 repeto,
1466 4556 1568 4656 quod
1583 4536 1763 4642 ercelleu·

385 4668 433 4741 tis
458 4660 538 4739 Viri
558 4670 777 4761 ¹memoriam
804 4664 869 4740 fibi
893 4665 1032 4761 semper
1065 4666 1357 4744 commendatam
1391 4668 1544 4747 habebit.
1590 4669 1765 4771 Elogium

388 4784 467 4878 ejus
482 4781 660 4859 conscribi
685 4808 756 4859 ere
775 4783 862 4869 erit,
889 4776 992 4880 quod
1017 4772 1119 4855 Attis
1149 4777 1393 4860 E'ruditormn
1407 4786 1600 4891 inseratur.

458 4894 646 4989 Quantum
669 4901 856 5000 intelligo,
895 4909 1021 4975 vacant
1044 4890 1339 5002 Groningana&
1375 4896 1601 5001 Ulrajeilina
1630 4904 1766 4983 Prosel-

387 5012 505 5091 fioues
528 5012 733 5097 Matbeseos
745 5021 817 5119 ,ἃ
844 5004 1025 5119 Leideefis
1042 5014 1240 5117 semivacat„
1247 5041 1259 5109 3
1290 5020 1463 5121 quando,
1494 5042 1605 5123 quem
1623 5040 1765 5096 merno-

1165 5130 1190 5209 S
1249 5154 1273 5216 n
1695 5156 1773 5226 ras,
