5459 6684
968 770 1039 857 39⁶
1056 762 1204 837 coum
1231 758 1362 833 artur.
1390 756 1535 833 tntu.
1550 756 1901 849 instruontur.
1923 754 2039 830 uno.
2054 753 2362 834 wuorvm

833 970 928 1051 1716
967 912 1032 1019 ipit
1052 906 1211 993 haeleritr
1244 910 1323 1010 quis
1346 908 1443 984 enirn
1458 904 1521 981 libi
1543 902 1802 1005 imaginabitur
1823 898 1990 1007 Aegium
2010 903 2114 980 illum
2146 905 2198 979 ad
2233 928 2378 1004 proso

837 1016 936 1143 NQVJ
968 1036 1147 1115 ostionem
1163 1024 1281 1103 Tuam
1298 1046 1374 1099 non
1401 1024 1517 1099 statim
1538 1019 1732 1121 exploralle
1750 1026 1840 1100 vires
1867 1020 1943 1096 suas
1962 1020 2001 1097 iu
2032 1019 2213 1097 soluendo
2241 1022 2319 1097 isto
2338 1020 2376 1099 R

967 1146 1118 1252 xemplo
1145 1140 1373 1243 particulari?
1403 1136 1497 1233 Quis
1520 1140 1608 1213 item
1633 1140 1774 1237 putabit
1800 1139 1929 1224 illum,
1961 1136 2159 1213 fifeliciter
2184 1137 2371 1227 solvisset,

970 1289 1046 1343 noo
1067 1261 1229 1361 protinus
1245 1256 1283 1333 in
1307 1256 1428 1336 lucem
1444 1254 1603 1331 laeunter
1623 1256 1872 1353 protrulurum
1893 1251 1992 1331 luiffe
2008 1253 2237 1330 solutionem
2261 1256 2371 1333 iunii

969 1381 1099 1461 Scribit
1117 1374 1171 1458 CL
1196 1374 1256 1451 W
1268 1392 1444 1449 oratus
1461 1364 1601 1476 Augias
1621 1370 1667 1449 de
1687 1371 1762 1454 hoc
1780 1374 1903 1450 nostro
1921 1370 2170 1453 problemate.
2218 1396 2294 1451 oeu
2324 1377 2370 1448 ri.
2406 1383 2407 1440 ι

969 1497 1114 1581 deutur,
1147 1490 1279 1589 abjecte
1297 1488 1442 1583 sentire3
1473 1486 1534 1564 led
1551 1485 1643 1563 nihil
1662 1492 1749 1565 nori
1779 1490 1829 1566 est
1865 1490 1903 1563 in
1927 1484 2169 1587 quibusdam,
2199 1504 2252 1567 ut
2285 1514 2370 1567 con·

968 1622 1132 1691 temnant
1159 1605 1259 1709 quod
1279 1609 1453 1703 attingere
1468 1619 1674 1706 nequeunt3
1702 1603 1932 1705 vulpeculam
1949 1606 2119 1681 nimirum
2156 1607 2198 1679 in
2237 1604 2367 1683 Fabula

967 1728 1154 1807 imitantes.
1216 1722 1343 1801 Putem
1365 1720 1476 1820 igitur
1498 1720 1680 1819 urgendos
1697 1720 1764 1801 effe
1785 1716 1942 1824 Argius,
1979 1734 2086 1819 atque
2110 1720 2287 1819 inprimis
2319 1729 2365 1799 in

969 1844 1159 1923 sistendum
1181 1835 1371 1939 propolito
1401 1837 1568 1937 exeanplo
1589 1838 1801 1937 particulari.
1863 1836 2035 1939 Optarim
2054 1839 2166 1913 etiam
2195 1853 2243 1913 ut
2275 1841 2362 1915 iden

970 1976 1084 2041 tentet
1101 1956 1282 2037 Dominus
1301 1952 1616 2031 Hanuruuur
1635 1976 1702 2053 per
1729 1954 1828 2032 suun
1849 1952 2068 2033 Methodum
2105 1956 2358 2043 universalem,

971 2092 1161 2178 antequam
1186 2098 1225 2149 ra
1247 2070 1459 2172 publicetur.
1489 2068 1641 2148 Videbit
1669 2069 1778 2148 latere
1804 2069 1961 2171 aliquem
1976 2070 2131 2149 modum
2152 2069 2358 2151 intricariffi.

972 2218 1095 2280 mum,
1116 2192 1178 2291 qui
1201 2188 1238 2265 in
1259 2186 1531 2289 quamplurimis
1557 2188 1673 2263 curuis
1693 2186 2018 2265 transcendentibus
2047 2184 2267 2267 metbodeun
2290 2215 2347 2288 ge.

971 2309 1127 2387 neralem
1147 2306 1229 2383 iacit
1253 2302 1547 2404 inepplicabilem
1579 2300 1665 2382 Hoc
1684 2302 1780 2381 haud
1793 2302 1902 2383 dubie
1919 2308 1991 2403 jun
2021 2301 2209 2385 senserunt
2223 2299 2338 2411 logii:

970 2426 1052 2507 alias
1070 2428 1143 2523 jam
1167 2417 1337 2499 dedinent
1355 2416 1490 2521 quoliti
1501 2416 1729 2498 solutionem

1034 2532 1272 2621 Theoumm
1294 2552 1417 2625 tuam,
1449 2532 1555 2637 Opus
1579 2534 1659 2613 sane
1676 2536 1989 2637 elegantissimum,
2022 2538 2192 2617 nondum
2227 2542 2358 2619 vacarit

971 2658 1155 2763 perlegere
1171 2670 1294 2733 totam.
1327 2652 1416 2755 Legi
1439 2676 1570 2753 magna
1586 2676 1673 2731 cum
1688 2654 1871 2755 voluptate
1884 2652 2174 2735 Dillerrationem
2190 2668 2252 2733 De
2265 2652 2357 2735 Co»

959 2774 1150 2887 formitate
1158 2770 1253 2875 fidei
1282 2795 1363 2847 cum
1378 2774 1535 2847 ratione:
1555 2768 1787 2871 deprehendo
1805 2772 2008 2850 solidillime
2031 2772 2211 2873 scripum,
2252 2778 2361 2853 nubi.

971 2918 1042 2998 que
1059 2896 1096 2969 iu
1119 2888 1316 2991 plerisque,
1348 2911 1416 2970 nec
1439 2884 1517 2967 satis
1536 2891 1686 2973 memini
1706 2913 1751 2965 an
1769 2894 1891 2965 nonin
1910 2893 2103 2977 omnibus,
2128 2889 2283 2967 min'iice
2300 2918 2358 2967 ar-

969 3008 1172 3102 ridentem3
1216 3002 1377 3103 inprimis
1397 3028 1484 3081 vero
1511 3002 1675 3103 placuere
1692 3028 1772 3105 quae
1797 3021 1922 3083 contra
1944 3006 2155 3086 Βιιιιιιιι
2175 3004 2346 3081 Rationes

969 3125 1160 3201 inimicum
1177 3118 1341 3219 disputas
1374 3119 1544 3199 Cannu
1561 3142 1681 3204 run,
1713 3134 1754 3198 ut
1777 3124 1940 3211 ridetur,
1969 3122 2008 3199 ad
2021 3122 2133 3197 incitas
2152 3119 2357 3219 redegisti,

970 3236 1116 3342 quaudo
1135 3235 1275 3315 roaitus
1299 3236 1348 3313 est
1370 3234 1488 3317 dicere
1517 3233 1591 3315 Dei
1608 3236 1831 3315 uoluntatem
1860 3242 1957 3321 nulla
1979 3236 2104 3315 ratione
2117 3234 2188 3313 elle
2202 3241 2356 3315 nixm·

969 3356 1043 3439 hoc
1076 3355 1173 3434 enim
1200 3352 1371 3453 paones
1386 3350 1472 3436 Deo
1498 3350 1597 3431 fieret
1629 3350 1701 3434 Em
1731 3353 1901 3446 brutum,
1934 3360 1972 3433 &
1998 3353 2222 3441 irrationale,
2255 3356 2359 3454 quod

970 3484 1091 3571 ageret
1112 3486 1251 3549 tantum
1269 3492 1367 3547 caeco
1388 3468 1547 3572 quodam
1562 3472 1719 3573 impetu,
1751 3472 1816 3551 nili
1830 3476 1982 3553 omnino
1997 3496 2082 3551 cum
2102 3470 2359 3553 Dauocnrro

971 3592 1009 3669 dt
1031 3586 1173 3671 Eercu
1188 3607 1249 3665 no
1277 3586 1533 3668 recurrendum
1545 3583 1627 3665 silet
1636 3588 1681 3665 ad
1699 3589 1890 3668 fortuitum
1903 3606 2109 3667 atomorum
2129 3589 2357 3667 ooncurl'um.

1028 3702 1212 3783 Dominus
1231 3700 1585 3782 Vanrcuourus
1606 3720 1687 3783 ante
1715 3705 1853 3807 aliquot
1880 3706 2043 3795 menies,
2085 3721 2128 3785 ut
2165 3710 2356 3808 quotannis

967 3822 1082 3901 iacere
1099 3820 1209 3909 soler,
1243 3822 1282 3897 in
1307 3821 1459 3899 Patriam
1478 3823 1660 3915 excurrit3
1690 3820 1749 3899 sed
1763 3827 1833 3922 jam
1848 3826 1920 3921 jam
1942 3839 2084 3924 tempus
2102 3825 2152 3901 est
2169 3840 2213 3903 ut
2250 3818 2356 3900 lete

967 3942 1059 4017 tiam
1074 3952 1220 4043 repetat.
1258 3934 1538 4015 Psrnurrus
1556 3934 1619 4039 qui
1643 3941 1783 4018 nautica
1808 3964 1886 4017 mea
1915 3940 2144 4040 suggillavit,
2177 3940 2354 4041 aliaque,

968 4080 1087 4157 neque
1113 4056 1216 4142 Tibi,
1242 4078 1359 4155 neque
1379 4054 1454 4131 aliis
1475 4052 1572 4131 Viris
1596 4058 1735 4156 magnis
1758 4060 1895 4157 parcit:
1924 4058 2016 4135 mihi
2052 4058 2203 4135 habetur
2240 4062 2282 4134 in
2299 4082 2358 4134 eo-

967 4196 1049 4251 rum
1067 4194 1221 4250 numero
1240 4172 1303 4271 qui
1322 4169 1547 4268 responliorre
1567 4197 1645 4251 non
1665 4173 1753 4249 sunt
1767 4174 1877 4272 digni.
1901 4174 2211 4277 SperoAgnatum
2237 4199 2359 4254 meum

965 4287 1034 4371 hac
1056 4287 1281 4367 hebdomada
1292 4286 1336 4363 ad
1358 4280 1548 4380 Venetus,
1580 4288 1822 4394 appulsumm
1852 4290 2032 4374 Caetenun
2053 4290 2130 4371 vale
2145 4291 2186 4369 ἃ
2203 4290 2302 4370 fave.

1078 4404 1318 4513 amplitudini
1358 4403 1451 4487 Tuae

1996 4522 2243 4605 Devotillimo

1907 4642 2308 4745 ].Brnuours1.

964 4746 1078 4845 Refilee
1094 4776 1124 4825 a.
1140 4750 1173 4825 d.
1191 4770 1246 4825 11.
1272 4753 1474 4831 Novembris
1502 4765 1611 4846 1716.

1727 4885 1730 4890 ’
2252 4862 2365 4945 TA-

1574 4968 1827 5057 etrus
