5459 6684
921 699 968 767 22
1064 685 1590 773 commotorum
1633 681 2177 763 tPISToachM:

744 853 847 927 1700.
920 825 995 908 sum
1024 827 1296 920 accuratllhme3
1324 849 1401 927 quo
1430 825 1546 914 satio,
1573 821 1701 924 phialae
1731 819 1914 902 orificium
1938 827 2183 910 claudendum
2218 835 2292 923 eli,

739 937 860 1010 ottob.
920 967 992 1046 ope
1016 947 1194 1052 epistomii
1217 942 1263 1023 ad
1289 943 1327 1022 id
1347 942 1522 1044 adaptari,
1552 940 1611 1020 rel
1633 933 1706 1018 alio
1719 939 1844 1016 modo
1883 944 2125 1024 obturandum
2154 951 2296 1031 errastis-

823 1106 828 1112 ·
859 1151 863 1162 ,
918 1060 1024 1148 srme,
1059 1083 1124 1148 ne,
1157 1060 1239 1160 poli
1264 1058 1563 1147 exhaustionem,
1589 1060 1677 1142 airis
1703 1057 1762 1136 vel
1790 1058 1985 1139 minimum
2006 1064 2150 1160 ingredi
2175 1065 2291 1167 polht.

920 1178 1056 1258 Omnia
1083 1173 1110 1250 fi
1137 1177 1229 1251 bene
1262 1173 1331 1254 lint
1362 1176 1608 1256 observata&
1636 1172 1775 1274 peralta
1803 1231 1816 1262 ,
1852 1197 2031 1256 removeo
2060 1179 2217 1279 phialam
2249 1182 2293 1260 ab

914 1291 1082 1388 ,Ananim
1113 1315 1224 1394 eaque
1249 1293 1338 1370 ruihi
1363 1295 1501 1393 praehet
1524 1289 1781 1391 Phosphorum
1805 1295 2015 1392 portatilem
2043 1291 2292 1398 perpetuum:

918 1431 1002 1484 nam
1031 1410 1068 1484 in
1092 1407 1295 1497 denfillimis
1323 1411 1501 1500 tenebris,
1527 1407 1555 1485 fi
1584 1407 1705 1509 phiala
1735 1407 1839 1492 valde
1863 1408 1999 1493 sursum
2022 1412 2189 1492 deorsum
2220 1417 2295 1514 agi·

912 1536 1034 1618 tetur,
1059 1538 1141 1604 tota
1166 1526 1285 1628 phiala
1315 1525 1592 1628 splendidissima
1613 1526 1701 1603 luce
1722 1527 1840 1604 subito
1873 1527 2112 1627 adimpletum
2139 1556 2208 1610 nec
2232 1532 2294 1609 illa

910 1639 1043 1732 .cessat,
1071 1641 1136 1721 nifi
1163 1642 1314 1726 cessante
1336 1647 1551 1743 agitatione·
1581 1639 1736 1727 Diceret
1753 1640 1808 1726 Te
1828 1643 1946 1722 videre
1967 1665 2100 1744 aquam
2127 1650 2290 1746 ignitam,

832 1782 835 1802 ¹
913 1771 1031 1840 rotam
1066 1761 1195 1860 phialae
1230 1764 1466 1864 capacitatem
1500 1759 1820 1875 perfundentem:
1859 1761 1984 1840 lumen
2010 1765 2141 1850 enim,
2170 1762 2196 1839 li
2227 1766 2294 1841 rite
2433 1749 2440 1757 ’
2494 1748 2500 1757 ’

912 1891 1131 1978 praeparetur
1153 1865 1300 1979 phiala,
1334 1903 1411 1957 non
1435 1881 1561 1958 minus
1587 1877 1750 1960 vividum
1768 1878 1817 1956 est
1832 1902 1946 1979 quam
1962 1876 2166 1980 Phosphori
2187 1872 2295 1958 Koa-

916 1990 1100 2094 clreliania
1130 1995 1220 2084 seu,
1258 2009 1298 2072 ut
1326 1996 1389 2073 alii
1414 1995 1576 2087 volunt,
1613 1989 1771 2098 Angliei.
1828 1993 2024 2092 Praeterea,
2049 2021 2156 2086 non,
2186 2008 2228 2073 ut
2253 1999 2295 2071 in

854 2119 858 2128 ’
912 2106 1149 2204 Barometm,
1182 2113 1381 2196 alternatim
1402 2128 1579 2215 apparet,
1599 2113 1642 2200 ,ἃ
1667 2113 1842 2218 disparem
1866 2113 1928 2191 sed
1953 2112 2294 2221 quamdiuioclosur

821 2221 850 2272 ·’
916 2231 1112 2307 mercurius
1137 2234 1325 2329 agitatur,
1356 2231 1523 2320 tamdiu,
1550 2230 1626 2307 fine
1651 2217 1731 2308 'ulla
1764 2234 2060 2332 inter-ruptione,
2096 2231 2290 2333 splendet,

911 2341 1083 2422 &tanto
1116 2348 1265 2434 vividius
1297 2347 1468 2449 quidem,
1503 2352 1640 2450 quanto
1663 2347 1914 2429 vehementius
1939 2351 2147 2448 percutitur.

971 2455 1083 2541 Hunc
1107 2463 1273 2542 efleaun
1297 2488 1342 2541 err
1362 2467 1456 2544 meis
1478 2466 1670 2565 principiis
1694 2465 1950 2563 provideram:
1971 2466 2182 2565 cogitabam
2196 2463 2294 2540 enim

910 2574 1119 2674 pelliculam
1140 2581 1260 2668 illam,
1283 2578 1310 2656 fi
1336 2603 1406 2682 qua
1430 2595 1624 2678 generetur
1645 2570 1766 2684 (quae
1796 2591 1871 2670 tam
1901 2578 2096 2666 ,difficulter
2125 2588 2164 2660 in
2185 2579 2295 2658 Baro-

907 2694 1032 2774 metris
1062 2699 1253 2795 precaveri
1275 2694 1413 2797 potest,
1438 2715 1592 2800 quaque
1621 2693 1714 2775 adeo
1746 2702 1933 2782 materiam
1958 2697 2215 2781 luminifioam,
2236 2693 2295 2775 vel

907 2812 1067 2889 omnino
1097 2813 1269 2900 suffocat,
1305 2815 1361 2890 vel
1387 2813 1492 2887 valde
1524 2813 1715 2901 debilitat,
1738 2811 1827 2885 ideo
1854 2811 1955 2907 quod
1986 2812 2047 2886 illa
2071 2811 2293 2887 mercurium

911 2923 1188 3006 descendentem
1218 2917 1388 3000 tenaciter
1421 2931 1635 3011 comitemur,
1665 2947 1738 2998 nec
1771 2924 1823 2998 ob
1843 2923 2062 3020 aequabilem
2084 2926 2121 3000 da
2153 2921 2292 2997 unifor-

909 3057 1011 3112 mem
1044 3050 1188 3116 motum
1220 3038 1325 3128 facile
1348 3037 1497 3123 lacerari
1522 3028 1670 3143 posit)
1705 3036 1770 3123 hic
1802 3061 1822 3112 e
1856 3041 2040 3114 contrario
2074 3041 2113 3113 in
2143 3034 2287 3137 phiala,

909 3176 999 3236 ,cum
1026 3157 1223 3235 mercurius
1257 3155 1489 3244 vehementer
1521 3161 1560 3240 in
1594 3178 1731 3240 ,omnes
1759 3169 1915 3255 partes,
1941 3173 2047 3232 motu
2079 3151 2288 3232 inordinato

910 3285 1123 3362 moveatur,
1145 3297 1221 3352 oon
1245 3273 1348 3374 posse
1370 3298 1447 3351 nou
1472 3275 1636 3376 plurimis
1657 3275 1695 3348 in
1717 3273 1807 3350 loeis
1833 3264 2000 3361 lacerari,
2031 3275 2069 3349 δι
2089 3274 2138 3348 ita
2151 3271 2289 3346 exitum

910 3389 1112 3468 concedere
1122 3395 1277 3482 materiae
1291 3391 1361 3468 istae
1378 3390 1596 3482 tenuilllmae,
1612 3393 1714 3488 cujus
1729 3403 1835 3469 motu
1850 3387 1973 3471 lumen
1989 3393 2177 3475 excitator,
2194 3409 2289 3485 quae-

906 3531 982 3606 que
1008 3531 1055 3583 err
1072 3511 1179 3608 poris
1207 3507 1451 3608 angustissimis
1478 3512 1617 3610 argenti
1641 3511 1713 3586 vivi
1736 3508 1922 3608 prodibit,
1955 3504 2043 3583 dum
2064 3505 2133 3582 aha
2160 3505 2206 3578 de
2220 3525 2289 3578 no-

907 3645 957 3698 ro
985 3624 1177 3702 succedens
1204 3649 1317 3726 poros
1338 3628 1387 3707 ab
1413 3627 1584 3728 opposita
1605 3639 1705 3726 parte
1731 3623 1846 3714 subit,
1871 3623 2035 3722 adeoque
2060 3622 2200 3719 semper
2220 3639 2288 3693 no-

910 3761 954 3814 va
980 3741 1128 3818 materia
1163 3741 1361 3832 luminilica
1391 3745 1517 3844 praelio
1545 3745 1604 3831 eli
1662 3741 1874 3835 Quomodo
1904 3753 2024 3817 autem
2056 3737 2179 3814 omnia
2203 3755 2287 3834 pro-

842 3883 846 3892 ’
908 3855 1063 3944 cedant,
1092 3881 1157 3938 cur
1183 3880 1339 3941 vacuum
1361 3863 1591 3962 requiratur,
1619 3885 1686 3950 cur
1713 3865 1804 3936 item
1830 3858 2027 3934 mercurius
2052 3851 2098 3930 ad
2123 3853 2197 3929 hoc
2225 3872 2288 3947 ap·

910 3987 969 4050 tus
998 3971 1058 4062 fit,
1081 3999 1161 4052 non
1185 3976 1246 4058 alii
1278 3977 1460 4078 liquores,
1487 3979 1533 4061 de
1564 3981 1606 4056 iis
1636 3976 1756 4078 ample
1793 3967 1950 4072 cogitata
1974 3997 2056 4049 mea
2086 3967 2288 4048 Academia

906 4093 1101 4190 ‚aperiams
1140 4091 1201 4171 sed
1243 4092 1336 4178 hanc
1369 4117 1502 4179 novam
1538 4095 1764 4173 effeiiionem
1798 4088 2001 4188 Phosphori
2040 4083 2288 4212 portatilis&
2434 4142 2437 4151 ,

909 4211 1076 4308 perpetui
1113 4209 1279 4288 nondum
1297 4216 1573 4291 communicari.
1619 4208 1706 4294 Feci
1727 4210 2016 4309 experimentum
2042 4227 2170 4281 coram.
2191 4199 2287 4278 Viris

909 4319 1058 4399 'curiosrs
1085 4327 1262 4425 aliquibus
1285 4329 1393 4426 hujus
1415 4332 1513 4406 urbis
1537 4325 1559 4436 (
1579 4329 1700 4404 haheo
1725 4329 1825 4403 enim
1857 4327 1894 4399 in
1924 4337 2048 4420 parato
2079 4323 2166 4397 tales
2187 4317 2288 4416 phia-

912 4437 961 4511 las
994 4438 1132 4515 diverso
1162 4447 1343 4520 mercurio
1361 4445 1542 4521 donatas.
1568 4445 1607 4516 &
1625 4445 1692 4517 rite
1715 4449 1795 4515 abre
1829 4438 2032 4526 exhaustas,
2062 4459 2142 4538 quae
2171 4453 2287 4529 aequa·

909 4535 986 4634 lem
1022 4541 1202 4634 effectum
1220 4552 1443 4658 praestant):
1472 4553 1619 4636 eonselh
1652 4555 1735 4629 sunt
1771 4575 1898 4627 omnes
1935 4551 1969 4628 se
1997 4554 2090 4629 nibil
2125 4569 2295 4646 unquam·
2419 4541 2422 4548 '

908 4665 1084 4763 „curiosius
1105 4671 1234 4764 vidisse,
1290 4672 1386 4762 Ecce
1411 4677 1538 4752 'totum
1567 4669 1672 4771 hujus
1708 4665 1912 4768 Phosphori
1946 4662 2288 4863 ωγίὶετίυωῒὲιςιιυῖἰ
