5459 6684
401 823 438 897 z
462 818 758 905 urnurrrr
779 815 856 888 no
878 802 1273 905 brancor-tor,
1301 811 1459 891 unsa.
1495 805 1641 895 ccx·
1676 840 1745 913 323

447 965 635 1047 Pronoto
661 986 747 1075 meo
778 960 910 1049 facies,
932 957 971 1033 sr
995 962 1048 1035 in.
1066 957 1195 1035 scheda
1221 980 1465 1058 quamprimo
1489 940 1613 1041 contra
1645 962 1749 1039 libel·
1765 1001 1872 1077 1713;
1903 1018 1908 1027 .

333 1083 432 1157 lum
470 1074 714 1183 Angsicanum
737 1078 955 1177 argumentis
980 1098 999 1151 a
1025 1098 1085 1151 me
1115 1076 1287 1174 suggestis
1308 1076 1356 1149 ita
1378 1079 1517 1164 utaris,
1557 1093 1598 1154 ut
1635 1073 1747 1182 Angli
1759 1088 1846 1179 Sept.
1874 1176 1877 1180 .

345 1222 372 1273 a
407 1222 474 1275 me
494 1199 655 1297 profetia
682 1218 762 1271 non
787 1196 959 1289 sentiant;
988 1190 1052 1267 nifi
1083 1188 1180 1268 forte
1202 1190 1362 1293 quaedam
1379 1193 1557 1281 invenias,
1580 1218 1660 1294 quae
1682 1220 1751 1294 pu.

339 1313 456 1389 blice
478 1327 604 1389 extant
627 1316 671 1405 in,
698 1310 998 1388 Aonotationibus
1031 1312 1120 1384 meis
1143 1311 1183 1397 in
1206 1301 1319 1385 Auis
1360 1298 1613 1411 Lipserfibus'
1631 1334 1746 1409 nuper

350 1427 495 1520 editis3
514 1430 559 1504 de
585 1428 717 1530 quibua
742 1426 876 1526 aliquio
895 1420 1069 1521 Annus,
1093 1424 1302 1523 Discipulos
1323 1423 1475 1537 antehac
1498 1445 1626 1519 meus,
1643 1428 1744 1529 nune

351 1536 520 1647 Paristis
537 1568 670 1645 agens,
699 1542 879 1641 sequentia
906 1542 996 1619 mihi
1025 1540 1166 1617 scribit:
1195 1532 1258 1617 La
1265 1534 1430 1644 sernaine
1448 1528 1577 1646 paffde,
1602 1530 1758 1640 inquit,¹

346 1648 389 1735 'il
413 1660 557 1737 arrioo
581 1684 632 1739 un
655 1648 701 1735 de
722 1658 912 1733 mesomio
939 1657 1207 1755 d'Angleterre,
1234 1658 1300 1761 qui
1324 1644 1533 1757 m’infiormo
1549 1662 1651 1763 qu’on
1666 1663 1744 1729 n’a-
1842 1738 1849 1755 .

352 1776 446 1850 voit
460 1792 530 1881 pos
553 1800 676 1853 encore
698 1768 839 1852 acbeve'
855 1773 1077 1879 dimprimer
1107 1774 1143 1850 Ia
1163 1766 1351 1850 Nouoelse
1376 1766 1530 1851 Edition
1554 1770 1612 1847 der
1640 1773 1744 1849 Prin·¹

353 1893 459 1989 cipes
487 1891 533 1967 de
556 1891 746 1970 Monsieur
774 1892 813 1969 N
823 1916 843 1968 n
859 1915 1030 1984 wron3
1059 1905 1156 1995 pour
1177 1889 1248 1967 moi
1273 1889 1311 1989 je
1336 1890 1413 1967 croi
1444 1912 1515 1992 que
1537 1886 1570 1965 se
1599 1885 1741 1966 Cbeoo·

354 2002 428 2081 sier
457 2005 564 2083 tarde
594 1995 772 2115 aideffein
787 2024 882 2115 pour
910 2006 1021 2100 vair,
1039 1998 1099 2081 s'il
1116 2022 1230 2115 peut,
1261 2005 1307 2084 ses
1329 2012 1538 2109 remoques
1561 2028 1632 2109 que
1649 2014 1742 2083 vous

354 2142 457 2199 avez
477 2112 674 2229 fhitessur
696 2124 733 2199 sa
754 2116 931 2227 premie're
956 2115 1103 2199 Edition
1127 2123 1170 2199 de
1191 2147 1230 2199 ce
1250 2120 1364 2199 livre:
1386 2148 1427 2207 ce
1446 2122 1512 2226 qui
1532 2144 1588 2197 me
1608 2116 1741 2227 corfir-

359 2263 415 2313 me
442 2229 531 2314 dans
548 2254 641 2315 cette
657 2239 796 2344 opinion
816 2297 826 2326 ,
847 2230 896 2341 est
920 2262 991 2341 que
1003 2237 1073 2339 jur
1087 2235 1278 2315 rencontre‘
1296 2237 1429 2315 soutre
1438 2236 1532 2345 jour
1559 2263 1612 2316 un
1632 2228 1746 2343 Eoos
1765 2307 1775 2315 .
1836 2286 1839 2292 -

356 2347 454 2457 fiiis,
477 2356 541 2458 qui
556 2347 596 2458 se
610 2349 696 2431 nasse
708 2379 762 2430 un
785 2369 856 2459 peu
872 2353 914 2428 de
932 2346 1278 2457 Mathsmotiqoes,
1306 2361 1371 2457 qui
1388 2362 1459 2429 m'o
1471 2346 1625 2458 offerent
1635 2363 1742 2458 'qu'u-

365 2494 409 2545 ne
416 2458 559 2571 faute,
585 2492 656 2571 que
671 2492 764 2546 oous
792 2470 903 2545 ooiez
926 2464 1080 2547 trouve'e
1104 2470 1190 2548 dans
1204 2494 1244 2545 ce
1260 2460 1535 2663 sturmifhir
1559 2468 1742 2577 beaucoup

367 2576 413 2659 de
437 2580 543 2661 bfuit
560 2610 602 2660 en
621 2586 848 2703 Angieterre3
873 2586 965 2661 mais
991 2610 1060 2691 que
1075 2586 1124 2664 ses
1152 2586 1244 2663 amis
1271 2584 1314 2662 de
1397 2613 1427 2662 r.
1450 2586 1496 2663 ,Ν
1505 2584 1740 2667 cwuouse'r

351 2686 537 2806 ‘faifioiem
557 2690 676 2817 paffer
695 2718 793 2807 pour
820 2726 891 2779 une
901 2694 1142 2807 periteflaute
1164 2702 1207 2778 de
1227 2693 1353 2779 caicus.
1401 2703 1560 2797 Qualem
1574 2726 1663 2797 vero
1686 2705 1742 2778 in-

367 2819 508 2915 telligat
527 2842 686 2895 errorem
714 2842 824 2919 quem
858 2820 1082 2908 detexerim,
1112 2820 1264 2924 [detexi
1291 2824 1390 2896 enim
1411 2822 1532 2923 piures
1546 2822 1564 2912 ]
1579 2836 1665 2895 'non
1689 2819 1758 2895 sa·-

370 2936 438 3011 cile
464 2938 675 3037 conjiciam,
705 2936 769 3013 nisi
797 2935 839 3013 srt
873 2934 934 3013 ille
965 2936 1113 3035 dequo
1145 2937 1305 3034 Agnatus
1332 2957 1434 3013 meus
1467 2959 1552 3011 eum
1584 2939 1739 3035 praemo-⁴

367 3052 466 3135 nuit,
490 3072 576 3127 cunr
596 3074 711 3151 nuper
729 3056 766 3127 in
780 3046 917 3153 Angsia
931 3053 1145 3139 versaretur,
1170 3066 1363 3153 antequam
1383 3050 1597 3150 schediasma
1616 3038 1741 3131 meum

366 3162 479 3243 suisset
509 3162 735 3263 impressum,
765 3168 801 3243 δι
831 3171 932 3264 cujus
954 3172 1088 3243 erroris
1111 3168 1362 3250 ,correctorem
1402 3170 1548 3269 postea,
1572 3166 1739 3267 singulari

365 3280 513 3369 scheda,
536 3280 599 3357 suo
620 3282 713 3361 libro
735 3288 901 3361 nondum
927 3284 1026 3359 edito
1048 3285 1197 3361 inseruit
1220 3286 1514 3365 Nuweouus.
1542 3284 1664 3361 Habet
1680 3309 1743 3363 au·
1799 3290 1809 3299 ’

368 3413 442 3475 tem
461 3420 560 3473 error
581 3398 663 3485 iste,
685 3403 747 3499 qui
769 3400 914 3498 respicit
936 3401 1273 3477 determinationem
1301 3400 1501 3477 resrstentiae
1523 3398 1656 3487 medii,
1673 3424 1741 3498 pro

372 3516 447 3591 data
482 3536 587 3591 curva
628 3514 856 3591 describenda
888 3538 909 3589 a
942 3515 1156 3617 projetiiii,·.
1180 3518 1363 3614 originem
1396 3518 1492 3592 suam
1518 3540 1565 3591 ex
1591 3538 1638 3591 eo
1664 3512 1743 3611 ipso

373 3633 468 3732 quod
487 3632 708 3731 paralogizat
730 3632 769 3709 N
781 3655 800 3705 a
814 3651 957 3707 wnou
971 3652 1023 3706 uu
1043 3628 1114 3729 (ut
1135 3622 1207 3729 ego
1236 3628 1403 3734 ostendi)
1436 3636 1474 3707 in
1502 3631 1744 3710 differentian-

373 3752 419 3825 dis
450 3748 685 3849 potestatibus
714 3748 760 3823 ad
785 3735 971 3821 uiteriore's
994 3748 1154 3841 gradus,
1179 3749 1237 3823 seu
1263 3751 1303 3822 in
1330 3751 1514 3844 capiendis
1539 3746 1745 3823 fluxionum

374 3848 593 3971 fluxionibus
621 3867 790 3941 omnium
813 3860 1009 3948 ordinum,
1042 3886 1114 3961 ope
1132 3864 1316 3966 potestatis
1332 3865 1525 3943 indefinita
1547 3865 1586 3939 in
1608 3863 1745 3941 Seriem
1768 3893 1771 3899 ¹

377 3980 540 4082 expansae.
1193 4062 1199 4071 ,

454 4095 589 4171 Utrum
619 4094 724 4172 facile
747 4094 901 4192 patiatur
922 4090 1323 4182 Vnnrononrus,
1348 4108 1390 4171 ut
1417 4096 1552 4200 aliquid
1582 4105 1626 4179 in·
1654 4092 1746 4199 Gas-

383 4207 430 4282 iio
455 4208 515 4299 fiat
540 4210 682 4309 dequo
707 4213 808 4305 queri
840 4208 969 4307 potus,
1002 4212 1039 4288 in
1065 4212 1134 4289 hac
1164 4213 1356 4311 praesertim
1375 4212 1441 4289 lite
1465 4218 1509 4294 ab
1536 4206 1666 4319 Anglis
1683 4212 1747 4291 Ti-

385 4324 418 4395 bi
449 4326 634 4412 intentata,
666 4326 703 4401 &
724 4326 811 4424 quid
832 4328 865 4403 ei
892 4326 989 4402 harre
1017 4331 1056 4403 in
1092 4351 1169 4405 rem
1191 4328 1454 4428 perscripserim
1489 4336 1668 4431 intelilges
1701 4355 1748 4409 en

386 4438 624 4545 sequentibus,
649 4466 729 4542 quae
752 4440 905 4539 responsi
934 4436 1020 4519 loco
1046 4448 1250 4545 nuperrime
1269 4447 1358 4522 mihi
1384 4450 1554 4545 reposuit
1586 4441 1635 4524 se
1649 4442 1743 4553 suis,

387 4556 513 4651 inquit,
535 4580 661 4633 corone
684 4580 801 4647 vous,
822 4550 912 4661 sort
943 4557 1138 4651 mecontoat
1169 4562 1214 4637 de
1239 4561 1277 4639 Ia
1300 4558 1492 4671 mauvaise
1509 4563 1661 4669 queresle
1677 4588 1747 4668 que

388 4661 583 4756 Manliena·
599 4673 768 4753 Kertn
790 4676 892 4761 vient
918 4664 964 4751 de
987 4666 1147 4783 fhsciter
1172 4669 1197 4753 d
1227 4670 1431 4783 Morfieur
1466 4681 1655 4760 Lu1uur
1671 4705 1742 4758 uz.

390 4784 417 4865 ss
430 4811 478 4861 me
504 4791 627 4893 parreia
647 4812 776 4887 corrone
797 4784 930 4867 docus
946 4816 1015 4895 que
1043 4792 1075 4871 se
1092 4796 1365 4873 Commereium
1385 4796 1619 4898 Epistolicurn
1641 4813 1750 4903 prou-

390 4926 431 4979 ue
444 4895 641 5011 seulement
663 4930 733 5011 que
753 4898 958 5015 Mortfieur,
972 4908 1217 4999 annon,
1243 4934 1296 4989 au
1313 4926 1423 5026 ternps
1447 4909 1510 4993 des¹
1523 4897 1668 4994 torres
1685 4919 1750 5014 qui

924 5026 1305 5111 .,Ssa
1719 5053 1862 5133 y*
