5459 6684
909 719 958 804 3⁶
1133 691 1583 786 conuenerunt·
1626 697 2069 774 antonomum
2136 746 2183 774 ,.

733 889 839 964 ¹701·
904 857 1001 940 tensa
1035 853 1186 954 alicujus
1214 873 1314 928 arcus
1340 865 1481 934 curvae,
1510 858 1666 944 excepto
1693 845 1863 936 Circulo,
1890 847 1975 925 dare
2002 847 2203 932 subteniam
2234 839 2299 934 ali·

729 976 831 1070 April.
903 983 1006 1078 cuiue
1034 997 1137 1054 arcus
1167 968 1322 1065 ejusdem
1352 987 1467 1042 curvat
1499 1022 1511 1053 ‚
1547 983 1588 1044 ut
1615 964 1817 1042 differentia
1842 989 1995 1044 artuum
2023 967 2064 1046 stt
2092 974 2253 1050 absolute
2282 1031 2293 1063 ,

903 1107 945 1178 ut
981 1093 1055 1198 ipse
1085 1087 1271 1188 loquitur,
1304 1083 1546 1185 quadrabilis,
1575 1084 1650 1160 hoc
1674 1085 1755 1172 est,
1786 1086 1825 1158 in
1863 1085 2295 1184 reun11extendibilis3

903 1215 949 1294 de
971 1193 1045 1312 quo
1068 1206 1250 1304 specimen
1274 1205 1312 1278 in
1337 1196 1460 1296 Etupu
1480 1198 1521 1276 fit
1548 1199 1707 1278 daturus.
1752 1199 1886 1289 Addit,
1911 1202 1946 1278 se
1966 1204 2040 1282 hoc
2064 1205 2185 1306 posse,
2216 1209 2295 1284 nul·

902 1328 943 1410 io
972 1325 1017 1406 ad
1042 1321 1273 1425 quadraturas
1304 1318 1473 1416 respestu
1523 1313 1664 1397 Vereor
1697 1343 1744 1394 ne
1769 1319 1888 1416 aliqua
1915 1321 2220 1400 uerifimilirudine
2252 1323 2295 1402 fit
2481 1148 2492 1383 ἒ

904 1447 1090 1544 deceptus.
1154 1435 1301 1516 Interim
1333 1436 1436 1536 spero
1468 1435 1603 1537 aliquid
1636 1435 1762 1513 saltem
1797 1437 1886 1513 utiie
1911 1459 1980 1535 pro
2010 1443 2150 1515 eximio
2188 1443 2296 1540 inge-

901 1563 970 1642 nio
999 1559 1063 1638 suo
1089 1553 1157 1634 effe
1188 1567 1385 1632 eruturum.
1444 1552 1556 1631 Addit
1583 1551 1616 1628 se
1654 1559 1796 1644 etiam,
1828 1555 1899 1630 hac
1932 1555 1990 1630 sua
2021 1555 2180 1652 ejusdem
2214 1582 2296 1636 cur·

903 1702 956 1756 vae
982 1699 1083 1754 arcus
1112 1671 1351 1773 comparandi
1377 1669 1581 1758 methodo,
1612 1672 1776 1750 iuvenire
1803 1668 1924 1774 poise,
1955 1671 2102 1774 quaudo
2129 1671 2295 1772 puffibile

899 1793 943 1874 fit
969 1795 1129 1874 invenire
1158 1814 1261 1867 arcus
1291 1789 1328 1864 in
1352 1787 1433 1866 data
1464 1791 1614 1867 ratione.
1645 1847 1653 1866 .
1682 1849 1692 1866 .
1722 1847 1731 1866 .
1759 1849 1768 1867 .
1869 1847 1879 1866 .
1911 1839 1998 1868 ...
2031 1847 2040 1864 .
2068 1848 2077 1864 .
2110 1848 2119 1865 .
2152 1845 2161 1863 .
2198 1849 2206 1868 .
2239 1843 2292 1868 ..

970 2025 1221 2105 Celeberrimo
1249 2021 1339 2102 Dno
1381 2020 1620 2100 Vouneno
1651 2023 1771 2102 adhuc
1802 2023 2010 2126 responsum
2044 2025 2164 2110 debeo
2190 2046 2202 2117 ;
2234 2024 2296 2117 sed

901 2143 975 2222 dici
1011 2166 1088 2220 non
1119 2140 1235 2244 potest
1269 2161 1378 2242 quam
1409 2139 1538 2218 fuerim
1576 2139 1758 2220 'distraetus
1793 2143 1849 2220 his
1887 2142 2013 2218 diebus
2047 2165 2111 2242 per
2138 2140 2205 2218 alia
2231 2169 2295 2222 ne-

900 2261 1032 2358 gotia,
1066 2259 1260 2360 prasertim
1295 2281 1381 2334 cum
1409 2257 1543 2334 fuerint
1569 2281 1649 2357 quae
1681 2285 1741 2337 me
1777 2275 1953 2361 cogerent
1992 2262 2149 2336 crebrius
2185 2259 2295 2339 solito
2494 2282 2495 2317 t

900 2379 952 2452 ire
981 2379 1020 2451 in
1051 2375 1192 2454 Aulam.
1254 2371 1298 2453 Et
1334 2375 1507 2452 abstradae
1540 2375 1609 2452 iuae
1635 2399 1655 2452 a
1680 2382 1826 2456 materia
1849 2379 2101 2455 meditationes
2130 2379 2293 2456 animum

899 2492 938 2568 in
965 2489 999 2566 se
1032 2495 1225 2570 colletium
1255 2491 1447 2590 postulant
1505 2491 1622 2588 Spero
1659 2509 1783 2576 tamen
1816 2522 1875 2574 me
1902 2500 2186 2598 quam-primum
2225 2494 2293 2574 effe

896 2607 1154 2688 satisfatiurum
1181 2631 1266 2685 meo
1292 2603 1430 2686 officio.
1489 2609 1547 2686 Au
1575 2609 1641 2709 ipfi
1683 2611 1778 2690 Viro
1810 2615 1938 2711 intigni
1964 2613 2028 2689 iim
2058 2599 2292 2696 iatis'fatturur

899 2723 1086 2804 affeverare
1113 2748 1189 2801 non
1217 2720 1350 2814 aufim3
1382 2725 1506 2800 saltem
1537 2751 1615 2800 non
1650 2725 1765 2804 itrtim
1791 2731 1827 2801 id
1853 2731 1942 2802 mihi
1968 2733 2156 2825 promitto.

968 2840 1001 2916 Α
1033 2843 1155 2916 multis
1186 2841 1287 2911 annis
1315 2841 1580 2930 cogitationem
1613 2839 1723 2914 habui
1762 2842 1976 2934 singularem
2015 2844 2061 2915 de
2093 2869 2195 2922 novo
2227 2872 2291 2942 ge·

899 2973 985 3031 nere
1011 2951 1285 3030 Arithmeticae,
1319 2947 1382 3017 ubi
1414 2952 1539 3020 omnia
1568 2953 1816 3042 exprimantur
1847 2973 1912 3044 per
1943 2975 1968 3026 0
2002 2953 2040 3024 &
2078 2979 2119 3042 15
2151 2959 2292 3028 adhibi-

860 3163 863 3168 Ι
898 3083 936 3148 ta
973 3061 1108 3140 scilicet
1150 3054 1397 3158 progreffione
1438 3059 1589 3163 dyadica
1623 3083 1693 3162 pro
1724 3063 1901 3142 decadiea.
1962 3061 2061 3142 Hinc
2091 3088 2177 3142 cum
2215 3086 2289 3144 tam

787 3201 792 3208 ’
863 3201 1029 3285 'parum
1062 3177 1296 3257 caraderibus
1332 3182 1471 3258 onerati
1504 3177 1575 3260 iint
1598 3177 1772 3274 numeri,
1812 3184 1936 3262 omnia
1968 3183 2173 3284 procedunt
2207 3186 2288 3287 pul·

899 3299 1086 3381 cherrimis
1113 3295 1431 3398 progressiunibus.
1498 3297 1542 3380 In
1572 3303 1792 3382 naturalibus
1820 3303 1935 3405 prima
1973 3303 2146 3380 columna
2178 3302 2288 3378 habet

898 3413 1130 3521 periodicum
1161 3436 1246 3504 01,
1277 3415 1433 3494 secunda
1464 3441 1521 3495 00
1555 3444 1636 3508 11,
1676 3425 1779 3498 tertia
1814 3444 1868 3498 00
1911 3443 1967 3495 00
2002 3439 2135 3509 1111,
2163 3430 2287 3520 quarta

901 3553 1016 3615 0000
1040 3558 1280 3610 00001111
1319 3559 1450 3631 1111,
1475 3539 1544 3614 dcc.
1575 3535 1647 3616 Sed
1670 3537 1768 3616 idem
1791 3539 1911 3617 evenit
1928 3538 1967 3612 in
1994 3536 2165 3614 omnibus
2191 3536 2289 3612 mui-

765 3745 770 3754 ὓ
898 3655 996 3752 tiplis
1027 3651 1268 3740 naturalium,
1305 3665 1347 3728 ut
1380 3651 1469 3728 tales
1497 3656 1659 3734 oriantur
1704 3653 1882 3756 periodi,
1925 3655 2002 3731 imo
2034 3659 2072 3732 in
2112 3656 2284 3730 omnibus

899 3769 1115 3872 potentiis,
1173 3767 1351 3871 quadram
1387 3825 1400 3858 ,
1453 3772 1594 3860 cubis,
1640 3774 1708 3850 &e
1783 3773 1821 3849 tc
1861 3771 1990 3850 harum
2038 3774 2286 3875 potentiarum
