5459 6684
1000 806 1073 885 ³44
1177 758 2314 874 nouneactuunaanaont'cuas.

826 967 930 1044 17¹5·
998 944 1124 1001 menna
1139 926 1177 999 in
1196 914 1300 999 Auis
1317 910 1544 1025 listerfibu.
1564 916 1739 995 menssum
1754 910 1959 991 Februavn
1984 907 2033 999 (J
2052 906 2228 1004 Martii,
2259 934 2423 1015 ¹7133)

826 1054 984 1131 panum.
1001 1036 1072 1115 Sed
1087 1042 1208 1117 multis
1224 1037 1433 1141 persuadere
1450 1050 1604 1114 conatur
1630 1030 1853 1120 Kotenna,
1871 1056 1931 1111 me
1946 1032 2066 1109 molto
2086 1034 2240 1133 gravius
2264 1038 2418 1138 lapsum

1001 1154 1094 1245 effe,
1115 1156 1214 1257 quod
1229 1158 1358 1233 erroris
1375 1146 1623 1232 Newtoniani
1652 1152 1835 1249 originem
1855 1153 2008 1247 rejicere
2023 1151 2272 1231 voluerimin
2291 1156 2415 1235 Series

1000 1272 1133 1375 ipfius,
1163 1278 1265 1373 cujus
1292 1274 1512 1348 terminoea
1544 1268 1814 1346 Newaono
1848 1290 1918 1363 pro
1949 1246 2276 1349 fluxionibns‘vel
2308 1276 2410 1351 diffe-

1001 1390 1207 1467 rentialibus
1241 1388 1491 1489 superioribus
1521 1386 1704 1463 adhibitos
1735 1380 2072 1484 effe,Kn1ntnn
2100 1401 2239 1463 eontra
2261 1414 2332 1469 me
2351 1418 2407 1469 ne,

1001 1520 1086 1607 gat,
1117 1506 1203 1585 licet
1242 1506 1279 1585 N
1289 1526 1533 1581 ewnonne
1557 1502 1692 1579 alieubi
1715 1495 1852 1578 uterus
1884 1503 2003 1577 verbis
2030 1502 2104 1580 hoc
2134 1505 2241 1583 dicat
2255 1532 2272 1601 ;
2295 1532 2404 1607 queo

1001 1624 1148 1712 locum,
1174 1622 1310 1723 fiopun
1332 1620 1449 1709 fuerit,
1466 1622 1655 1698 ostendere
1676 1616 1842 1718 poffum,
1859 1620 2039 1721 quidquid
2061 1645 2163 1699 nunc
2181 1622 2293 1701 dicat
2306 1623 2343 1705 K
2350 1653 2402 1704 ιι.

1003 1764 1141 1830 ntus,
1165 1742 1220 1817 vel
1251 1740 1548 1841 Newaonns
1581 1736 1678 1839 ipse,
1704 1736 1810 1814 aliive
1836 1734 2007 1817 Cultores
2031 1741 2137 1837 ejus,
2161 1741 2212 1817 ad
2241 1742 2397 1822 diffimo.

1003 1858 1155 1935 landum
1175 1860 1277 1961 quod
1305 1879 1427 1955 veram
1444 1854 1709 1955 differentiandj
1731 1856 2048 1952 continuationem
2063 1859 2305 1957 ignoravttit.
2322 1864 2395 1966 ‘sea

1004 1976 1051 2053 de
1075 1976 1180 2074 ipso,
1212 2000 1322 2079 quem
1346 1976 1524 2063 indicavi,
1558 1996 1680 2051 errore
1706 1970 1959 2057 anaout
1985 1972 2199 2055 molliffime
2234 1980 2392 2083 loquitur

1001 2088 1069 2171 Ka
1086 2117 1160 2169 ιιι
1173 2119 1251 2181 ns,
1274 2092 1440 2171 dicando·
1461 2115 1546 2170 enm
1576 2114 1631 2167 ex
1657 2087 1840 2166 acciano
1867 2088 2063 2191 irremisse,
2082 2093 2387 2205 productamque

1000 2222 1173 2311 tangente
1190 2210 1234 2287 ad
1263 2226 1405 2309 partem
1430 2206 1635 2309 oppofitann
1658 2211 1736 2305 ejun
1757 2206 1802 2283 ad
1832 2230 1942 2311 qnam
1971 2208 2132 2308 produci
2156 2220 2380 2313 oportufflet,

1002 2326 1154 2406 &ideo
1194 2326 1301 2403 facile
1334 2325 1434 2403 fuiffe
1469 2348 1631 2403 errorem
1663 2326 1740 2422 ejus
1773 2324 1908 2402 indolis
1936 2329 2172 2406 committent·
2223 2330 2371 2415 Interim

1002 2466 1082 2519 non
1099 2443 1225 2531 addit,
1263 2444 1367 2543 quod
1392 2444 1454 2523 hic
1481 2468 1604 2527 error,
1630 2444 1861 2542 quantumvis
1885 2442 2022 2536 facins,
2061 2443 2236 2523 manfflet
2260 2453 2373 2530 'mem-

1003 2560 1116 2637 rectus
1132 2564 1170 2635 in
1189 2585 1282 2639 nova
1296 2559 1465 2639 Editione
1488 2558 1758 2663 srineipiorum
1775 2547 1865 2638 ubil.
1908 2558 1934 2635 fi
1960 2562 2000 2639 N
2010 2586 2032 2639 n
2045 2585 2121 2641 wn
2133 2588 2159 2641 o
2173 2588 2199 2641 u
2213 2589 2266 2643 ne
2288 2570 2332 2646 de
2344 2597 2381 2651 to

1003 2698 1082 2753 non
1114 2676 1231 2757 uiuet
1265 2695 1481 2779 opportune
1523 2680 1687 2757 monitus
1714 2679 1760 2755 ab
1784 2674 1930 2775 Agnato
1961 2704 2048 2760 meo
2075 2684 2115 2757 in
2147 2680 2296 2789 Aqglia
2322 2705 2374 2766 ton

1006 2792 1189 2893 degente,
1218 2820 1303 2875 cum
1335 2796 1428 2875 libet
1453 2800 1526 2894 jam
1553 2793 1640 2875 effet
1666 2796 1770 2893 prelo
1811 2795 1984 2881 evasuros,
2044 2796 2105 2877 De
2136 2796 2295 2903 reliquis
2321 2810 2379 2909 qui.

1004 2912 1154 2991 busdam
1179 2916 1381 3009 erroribus,
1414 2936 1510 3013 quot
1536 2916 1670 3015 pariter
1696 2916 1849 3007 notavi,
1870 2914 1962 2997 nihil
1987 2914 2075 2993 dicit
2100 2915 2380 3001 Kentos...

1003 3030 1171 3109 Tandem
1190 3054 1250 3107 me
1272 3032 1462 3119 hortatur,
1493 3046 1535 3107 ut
1560 3030 1733 3129 justitiam
1746 3030 1877 3109 faciam
1891 3030 2181 3123 Neurono,
2210 3041 2311 3115 eirca
2331 3042 2385 3119 Se·

1004 3153 1093 3238 ries,
1124 3150 1162 3225 &
1187 3160 1229 3229 ut
1258 3148 1407 3248 publice
1430 3146 1712 3245 agnoscamme
1747 3152 1787 3223 in
1819 3153 1952 3226 erroris
1976 3144 2208 3235 Neutmiani
2239 3160 2386 3254 origine

1004 3264 1196 3351 indicanda
1219 3260 1367 3355 erraffe,
1396 3287 1605 3365 quanquam
1624 3261 1661 3339 N
1671 3292 1743 3359 gw
1756 3284 1784 3343 τ
1796 3290 1822 3343 ο
1837 3290 1861 3343 n
1874 3292 1923 3347 ns
1941 3268 2015 3369 ipse
2030 3284 2164 3348 tantam
2179 3277 2382 3370 aequitatem

1005 3414 1084 3469 non
1107 3384 1294 3473 habuerit,
1323 3398 1363 3463 nt
1389 3390 1429 3463 in
1455 3406 1552 3461 nova
1570 3379 1672 3464 Libri
1699 3385 1752 3468 sni
1778 3373 1943 3479 editione
1965 3389 2159 3475 fateretur,
2184 3412 2205 3467 a
2231 3413 2308 3489 quo
2337 3417 2382 3467 et·

1008 3510 1100 3587 rotis
1119 3504 1171 3591 sui,
1188 3500 1502 3581 commonefattns
1529 3500 1662 3600 foetit3
1688 3526 1773 3579 enm
1785 3526 1917 3601 nempe
1947 3506 1997 3583 ita
2018 3510 2228 3605 corrigens,
2247 3509 2341 3609 qnafi
2362 3534 2377 3585 a

961 3612 964 3617 ’
1010 3627 1158 3704 nemine
1184 3624 1347 3701 monitus
1375 3619 1505 3720 sponte
1529 3616 1671 3719 lapsum
1695 3621 1801 3710 nuum
1832 3621 2146 3713 animadvertisset.
2210 3622 2317 3703 neae
2338 3629 2381 3703 fa·

1011 3749 1106 3829 cies,
1131 3736 1341 3843 fiquaedam
1368 3739 1476 3829 edas,
1496 3741 1535 3816 in
1562 3736 1692 3836 quibus
1714 3738 1752 3817 N
1766 3752 1901 3819 Bwao
1915 3762 1982 3818 no
1996 3764 2138 3840 aequam
2157 3740 2289 3839 haerere
2314 3745 2374 3821 seis.

1009 3864 1218 3965 Suppetunt
1243 3855 1476 3945 hauddubie
1500 3854 1792 3946 mineorum,
1825 3880 1906 3955 qun
1931 3858 2022 3933 olim
2051 3862 2146 3935 inter
2166 3885 2237 3937 nos
2262 3866 2378 3959 agion

1011 3984 1138 4065 foere,
1160 3977 1198 4051 &
1211 3998 1291 4077 quae
1313 3996 1377 4073 pet
1394 3993 1634 4061 communem
1656 3971 1950 4063 differentialium
1972 3978 2193 4055 methodum
2217 4004 2293 4055 non
2307 3982 2378 4056 fan'·
2439 3997 2440 4000 ‘

1012 4101 1047 4177 le
1073 4098 1182 4177 obvia
1205 4095 1313 4179 [nott
1339 4094 1458 4193 qualia
1480 4092 1562 4172 sunt
1584 4114 1664 4189 qnae
1687 4090 1735 4170 de
1759 4088 1904 4169 tranfitn
1918 4118 1965 4168 ex
1982 4118 2090 4170 curva
2110 4099 2150 4175 in
2170 4098 2378 4176 curvamha·

906 4269 908 4277 ·
1013 4218 1180 4298 bonnus,
1199 4234 1278 4317 qun
1292 4223 1512 4311 peraguntur
1533 4206 1872 4310 ungutauqmdam
1893 4210 2198 4290 differentiatione
2222 4216 2377 4291 adhibita:

1014 4330 1190 4432 Proposui
1219 4331 1310 4407 oum
1324 4384 1336 4424 ,
1363 4328 1393 4411 fi
1418 4328 1636 4417 meministi,
1665 4327 1812 4428 publice
1838 4328 2002 4428 quaedam
2033 4328 2262 4409 Problemata
2287 4333 2379 4429 hujus

1014 4452 1181 4549 generis,
1213 4448 1272 4525 sed
1302 4468 1382 4545 qnae
1411 4468 1481 4547 pto
1508 4448 1626 4532 curtis
1659 4444 1883 4523 diffimilibns
1902 4470 1923 4523 a
1941 4450 2099 4525 'nemine
2119 4448 2291 4526 haetenus
2316 4452 2380 4525 foe·

1013 4580 1100 4643 nunt
1115 4564 1252 4659 solota3
1274 4588 1316 4645 ea
1333 4559 1399 4663 ipfi
1415 4562 1462 4641 de
1481 4584 1584 4641 novo
1597 4560 1739 4661 possent
1757 4567 1929 4663 proponi.
1962 4562 2132 4673 Exempti
2151 4575 2276 4664 gratia,
2290 4560 2375 4666 (Fir.

1021 4704 1115 4774 127.
1131 4675 1147 4779 )
1166 4686 1257 4759 inter
1280 4681 1436 4762 infinitas
1459 4678 1609 4782 Ellipses
1628 4678 1733 4783 supet
1761 4684 1952 4771 communi
1974 4704 2042 4759 axe
2059 4682 2146 4763 AC
2174 4682 2378 4783 descriptas,

1014 4801 1183 4899 quaeritur
1210 4798 1269 4873 illa
1289 4798 1358 4877 AB
1371 4798 1426 4887 C,
1448 4818 1530 4900 quae
1548 4798 1666 4875 secans
1684 4798 1815 4877 tetiam
1839 4799 2019 4899 pofitione
2035 4800 2173 4886 datam,
2196 4802 2378 4903 velqnam·

1014 4938 1159 5019 cunque
1186 4914 1296 5000 etiam
1329 4938 1476 5001 curvam
1504 4915 1637 5001 datam'
1652 4914 1723 4999 LB
1745 4918 2022 5021 N‚·tehnquat
2049 4942 2174 5002 arcum
2199 4917 2271 4997 AB
2296 4926 2379 4994 inter

1904 5084 1908 5091 -
2263 5060 2378 5115 omnes

834 4527 995 4609 Tama.
