5459 6684
1010 822 1082 905 nr
1251 807 1697 897 commercium
1743 800 2210 875 nersrorrcum

839 1000 946 1073 ¹713·
1009 963 1118 1043 utin
1152 958 1261 1057 longe
1290 955 1500 1059 posseffione
1535 952 1592 1030 'se
1629 973 1706 1031 non
1736 943 1940 1043 turbassent
2001 947 2092 1042 Quo
2120 938 2203 1046 ipso
2242 947 2356 1023 mihi
2384 952 2420 1055 in

834 1082 903 1177 Jus
1011 1092 1171 1155 mentem
1203 1077 1388 1151 revocavit
1416 1092 1652 1149 communem
1676 1068 1750 1145 sete
1775 1065 1907 1142 sortem
1939 1062 2026 1141 Tibi
2050 1060 2116 1139 else
2145 1087 2232 1140 cum
2270 1062 2418 1144 Princi-

1013 1220 1062 1297 pe
1091 1192 1205 1280 Tuo,
1235 1205 1277 1268 ut
1291 1204 1412 1291 -pote
1444 1194 1555 1291 quem
1584 1187 1785 1286 iniquiores
1811 1168 1927 1283 Angli
1954 1182 2135 1278 dejeslum
2168 1202 2414 1281 cuperenta

1012 1308 1227 1389 successione
1261 1306 1419 1407 Regni,
1458 1307 1513 1382 uti
1551 1302 1606 1381 Te
1640 1325 1661 1378 a
1699 1298 1915 1401 possesione
1951 1296 2024 1375 Tui
2057 1298 2195 1373 cuiculi.
2248 1296 2409 1378 Interim

1012 1442 1089 1505 non
1116 1426 1270 1513 dubito,
1301 1428 1390 1526 quin
1413 1420 1500 1499 Tibi
1526 1444 1609 1497 eum
1647 1416 1857 1496 vindicandi
1880 1412 2050 1513 supersint
2080 1428 2314 1510 argumenta
2357 1420 2412 1497 be.

1011 1566 1059 1623 nc
1083 1542 1222 1631 multa,
1254 1554 1329 1617 tarn
1356 1562 1402 1615 ex
1425 1540 1570 1639 privatis
1592 1536 1720 1611 litteris
1750 1555 1860 1635 quarn
1891 1531 2035 1607 aliunde
2062 1532 2230 1627 petendu
2282 1533 2406 1629 Quart

1012 1674 1093 1739 tunt
1117 1658 1207 1735 mibi
1241 1656 1288 1734 de
1310 1660 1362 1733 rei
1389 1659 1536 1731 veritate
1562 1651 1789 1738 innotescit,
1811 1646 1917 1724 facile
1942 1648 2118 1746 judicabis·
2147 1648 2243 1723 nibil
2266 1674 2334 1727 me
2354 1678 2406 1731 ce.

1008 1776 1188 1863 laturum,
1216 1772 1288 1849 sive
1314 1772 1410 1869 apud
1438 1775 1598 1864 amicos,
1622 1768 1693 1845 five
1722 1766 1893 1867 publice,
1933 1765 1997 1840 ubi
2026 1752 2168 1841 occasio
2200 1764 2242 1841 id
2282 1772 2402 1867 postu

1013 1894 1161 1986 laverim
1196 1912 1263 1967 nec
1289 1891 1339 1965 est
1362 1911 1426 1963 cur
1453 1894 1581 1965 timeas
1605 1884 1742 1986 aliquid
1773 1882 1998 1959 blanditiisa
2026 1904 2085 1957 me
2110 1881 2271 1960 obtineri
2300 1886 2394 1986 posse

1014 2012 1051 2087 in
1080 2010 1258 2110 equitatis
1284 2029 1375 2082 meae
1404 2004 1662 2102 prejudicium.
1726 2000 1853 2099 Magni
1877 1993 2027 2098 quidem
2057 1998 2152 2075 saeio
2184 1998 2225 2075 N
2233 2020 2392 2082 turo

1016 2148 1144 2213 nun,
1177 2124 1321 2223 ejusque
1351 2121 1644 2199 benevolentiam
1680 2119 1830 2193 minime
1859 2131 2060 2191 contemno
2080 2171 2091 2203 ,
2110 2114 2170 2190 sed
2197 2141 2271 2194 non
2288 2122 2390 2220 spero

1018 2266 1103 2319 enm
1138 2240 1273 2340 aliquid
1308 2252 1439 2337 preter
1469 2236 1693 2313 honestatem
1723 2258 1744 2309 a
1779 2257 1840 2309 me
1874 2234 2098 2331 petiturum,
2137 2236 2184 2306 uri
2206 2252 2296 2311 certe
2321 2240 2380 2311 oi-

1019 2360 1072 2435 hil
1094 2358 1263 2435 hellenus
1290 2356 1408 2453 petiit.
1455 2350 1545 2431 Etsi
1576 2354 1656 2451 quis
1679 2364 1840 2449 peteret,
1869 2349 1927 2423 vel
1964 2363 2091 2447 petere
2126 2349 2370 2444 sustinuerun-

1021 2474 1075 2551 hil
1101 2470 1257 2571 responsi
1286 2496 1305 2547 a
1328 2494 1386 2545 me
1409 2471 1505 2549 aliud
1536 2468 1701 2551 referret,
1734 2490 1842 2567 quam
1861 2470 1984 2541 tritum
2007 2464 2124 2559 illud3
2145 2459 2291 2541 Aminei
2313 2467 2392 2544 So-
2462 2451 2465 2536 l

1024 2606 1237 2677 cuntes,
1265 2587 1406 2662 arnicas
1431 2584 1611 2663 Puero
1630 2642 1641 2672 ,
1660 2575 1731 2687 sed
1756 2578 1872 2683 mobis
1907 2576 2028 2655 marica
2050 2580 2219 2661 Veritas,
2463 2581 2464 2660 l

899 2778 902 2787 ,
1110 2704 1206 2797 Qnae
1240 2704 1399 2801 rl'gnatus
1429 2726 1531 2780 meus
1561 2695 1691 2803 Aegiis
1709 2699 2016 2786 communicavit,
2039 2702 2171 2797 partim
2199 2697 2393 2777 Nrwro

941 2870 945 2883 ·
1025 2844 1077 2897 nr
1120 2814 1311 2927 Principia
1347 2809 1568 2923 Philosophia
1604 2815 1793 2916 speslant,
1825 2836 1986 2914 quorum
2017 2816 2191 2927 nonnulla
2228 2822 2269 2893 iu
2301 2812 2395 2893 Amr
2464 2883 2466 2892 .

1023 2930 1100 3037 Lip
1118 2928 1268 3036 rupibus
1289 2937 1445 3028 videbis;
1469 2937 1599 3033 partim
1632 2934 1721 3020 alia,
1750 2952 1829 3031 quae
1863 2932 1908 3007 ad
1941 2933 2150 3029 analyticam
2178 2956 2257 3007 non
2284 2938 2399 3031 perti·

1019 3068 1136 3142 nent3
1172 3050 1329 3149 ideoque
1358 3056 1485 3124 timere
1515 3072 1594 3125 non
1622 3046 1732 3123 debes
1760 3048 1958 3123 revelatum
1978 3046 2053 3146 ipsis
2080 3045 2146 3123 esse
2172 3049 2333 3125 modum
2359 3050 2404 3124 il·

1023 3166 1100 3243 lum
1131 3163 1347 3262 singularem
1381 3178 1572 3263 tangentes
1598 3162 1809 3239 inveniendi
1843 3186 2030 3241 curvarum
2058 3164 2336 3264 quarumdam,
2370 3168 2402 3241 dr

1022 3282 1071 3361 de
1101 3280 1413 3359 disserentietionia
1442 3280 1590 3359 trarrsitu
1618 3304 1638 3357 a
1667 3303 1777 3357 curva
1807 3282 1846 3357 in
1878 3304 2046 3369 curvem,
2068 3280 2143 3357 boc
2171 3282 2249 3369 cll,
2268 3282 2324 3368 ‚de
2347 3286 2399 3358 in·
2465 3315 2467 3364 l

1024 3398 1430 3479 veniendadifferentia
1460 3401 1554 3474 inter
1584 3398 1672 3474 duae
1701 3420 1824 3474 curvas
1846 3395 1986 3474 infinite
2011 3401 2270 3501 propinquas3
2298 3422 2397 3499 quan

1024 3517 1234 3603 materiam,
1258 3514 1284 3591 fi
1313 3517 1407 3591 bene
1432 3516 1604 3601 memini,
1633 3512 1739 3590 valde
1769 3516 1962 3609 promovi,
1999 3512 2040 3593 dt
2073 3516 2119 3593 ad
2141 3516 2207 3592 alia
2232 3539 2316 3593 non
2334 3517 2397 3591 tul·

1027 3636 1124 3732 gorsa
1151 3656 1221 3709 nec
1252 3632 1355 3709 facile
1383 3633 1490 3708 obvia
1514 3632 1667 3707 feliciter
1687 3630 1857 3731 applicui.
1901 3628 2034 3723 Qualia
2062 3630 2088 3707 fi
2112 3636 2322 3708 tentaminis
2354 3635 2398 3709 lo·

1028 3771 1076 3827 co
1100 3742 1233 3850 Anglii
1255 3762 1574 3848 proponerentur,
1616 3746 1711 3823 soret
1746 3770 1832 3823 meo
1857 3746 2006 3844 jndicio
2043 3748 2241 3827 brevissima
2271 3756 2333 3825 via
2362 3748 2399 3825 ad

1024 3888 1075 3944 'os
1106 3866 1352 3942 obturandum
1379 3864 1472 3957 illis3
1505 3862 1532 3940 sr
1564 3864 1737 3940 nimirum
1771 3862 2016 3945 infirmitatem
2053 3866 2153 3950 suana
2188 3869 2226 3941 dt
2264 3864 2400 3946 Calculi

1028 3982 1113 4068 sui,
1146 3984 1246 4079 cujus
1293 3994 1483 4081 tantopere
1521 3978 1651 4076 lassant
1687 3981 1966 4081 antiquitatem,
1999 3979 2292 4061 insufficientiam
2329 4010 2401 4084 pro-

1029 4098 1157 4175 derent
1172 4100 1195 4186 ,'
1211 4112 1319 4199 atque
1349 4096 1399 4174 src
1436 4099 1541 4173 inviti
1566 4097 1724 4195 palmam
1752 4097 1879 4175 cedere
1898 4112 2143 4197 cogerentur:
2168 4105 2401 4199 quamobrem

1029 4212 1253 4295 Problemata
1281 4214 1448 4314 quaedam
1481 4217 1688 4310 excogitare
1721 4213 1872 4291 deberes
1895 4215 1962 4293 hac
1990 4216 2064 4293 sola
2096 4218 2281 4295 methodo
2321 4222 2402 4297 solu·

1029 4333 1134 4420 bilia,
1162 4348 1205 4410 ut
1228 4330 1316 4407 inde
1343 4329 1522 4407 discerent
1552 4328 1620 4405 esse
1650 4330 2100 4439 quaternitatemque
2127 4359 2201 4416 noa
2225 4338 2296 4413 suo
2336 4338 2403 4417 Cal

1030 4448 1118 4525 culo
1148 4448 1371 4525 finitionum·
1396 4470 1474 4525 uon
1506 4446 1710 4526 debemur:
1747 4444 1849 4525 sicuti
1890 4448 2179 4531 Cnntnnus
2219 4457 2402 4555 quondan

1032 4554 1105 4665 (1)
1140 4566 1262 4661 inepte
1294 4565 1454 4661 jusserit,
1489 4563 1582 4641 nihil
1615 4587 1749 4663 nempe
1771 4566 1864 4643 iutra
1895 4565 1964 4647 hoa
2007 4584 2061 4647 20
2094 4570 2153 4645 vel
2200 4596 2254 4664 30
2297 4596 2403 4651 annos

1023 4676 1199 4775 prodiisse
1225 4684 1263 4755 in
1288 4682 1510 4783 lucemque
1536 4704 1614 4759 non
1636 4677 1703 4757 sint
1725 4683 1862 4760 iteratae
1889 4687 2149 4783 repetitiones,
2174 4688 2296 4767 velud
2323 4694 2402 4767 snm

1031 4812 1137 4870 tnum
1179 4794 1271 4870 levia
1322 4810 1463 4875 tantum
1514 4795 1714 4877 Corollaria
1759 4820 1887 4878 eorum
1915 4852 1944 4901 ,v
1973 4824 2053 4903 quae
2094 4802 2216 4882 Ntw
2234 4824 2399 4883 aoros

2332 4946 2405 5019 lm

1047 5093 1052 5101 ,
1091 5009 1152 5117 (ι)
1184 5028 1221 5099 lu
1242 5012 1381 5099 nielsode
1408 5026 1590 5107 clinnum
1610 5020 1731 5120 inversu
1748 5044 1821 5124 pag.
1850 5046 1904 5119 59.
1930 5018 1974 5115 &l
1996 5038 2054 5105 60.
