5459 6684
390 868 1467 981 ‘fLEIBNIYHBTBERNOULLII,Enrsr.
1497 870 1783 975 iiixviii-175

487 1002 600 1080 Biuor
634 998 722 1077 illos
753 1019 803 1076 ex
830 994 1020 1075 malevolis
1047 992 1230 1073 Roccrr
1265 997 1557 1095 instigatoribus,
1596 1029 1690 1107 quos
1726 1001 1784 1087 Tu
1801 1003 1907 1085 1707.

403 1118 608 1206 divinabit,
632 1114 672 1193 ἃ
697 1140 772 1215 ego
800 1112 972 1193 divinabo
983 1138 996 1208 3
1023 1110 1087 1189 nist
1114 1115 1215 1190 enim
1232 1112 1466 1192 uehementer
1484 1116 1610 1210 fallor,
1629 1126 1667 1199 in
1685 1146 1788 1199 men·
1807 1094 1913 1169 Mart.

403 1249 440 1311 te
466 1234 579 1312 babes
611 1220 964 1313 Gn'norsruu&
1008 1228 1074 1309 Lt
1109 1226 1337 1336 Hrn1urr,
1373 1231 1513 1312 Calculi
1542 1236 1786 1317 differentialis

403 1356 602 1431 acerrimos
629 1350 758 1429 hostes.
1046 1347 1274 1441 Nescireram
1312 1348 1380 1427 Ro
1394 1374 1575 1429 nanum
1615 1354 1684 1433 esse
1724 1379 1785 1432 ve-

408 1491 492 1545 rum
519 1462 707 1547 authorem
729 1470 967 1546 inventorum
980 1464 1145 1543 dentium
1156 1463 1507 1567 Epicycioidalium,
1534 1493 1693 1571 quorum
1718 1470 1786 1553 La

408 1580 472 1665 Hr
485 1610 531 1662 Μ
544 1608 599 1664 us
615 1586 650 1662 se
669 1589 902 1665 inventorem
922 1580 1140 1687 praedicavit
1176 1640 1486 1663 ........
1489 1662 1501 1679 ,
1517 1640 1782 1667 .......
1891 1584 1901 1615 ¹

490 1816 738 1907 Gratissimum
761 1821 832 1899 fuit
859 1810 1062 1917 intelligere
1089 1815 1145 1895 Te
1167 1831 1405 1909 curaturum,
1437 1838 1478 1899 ut
1509 1820 1698 1921 quadam,
1722 1822 1786 1899 sub

407 1940 556 2014 nomine
582 1939 773 2016 Societatis
800 1937 1038 2015 Scientiarum
1061 1936 1202 2023 vestra,
1234 1935 1387 2017 edantur
1408 1928 1665 2043 Miscellanea.
1727 1937 1789 2017 Sic

409 2058 503 2131 enim
535 2053 819 2157 Rempubiicam
852 2054 1104 2142 Litterariam,
1144 2078 1253 2153 quarn
1282 2056 1406 2131 multis
1434 2058 1527 2134 adeo
1564 2056 1683 2135 modis
1713 2062 1786 2154 jam

409 2172 638 2261 demeruisti,
672 2173 720 2249 de
751 2194 854 2250 novo
891 2169 1077 2275 insigniter
1106 2166 1196 2247 Tibi
1231 2171 1442 2270 obstringas.
1504 2166 1639 2275 quue
1672 2176 1786 2271 magis

407 2288 605 2387 gaudebit,
629 2289 733 2390 quod
771 2314 853 2392 qnae
885 2289 974 2367 Tuis
1004 2289 1169 2387 auspiciis
1197 2286 1379 2375 eduntur,
1404 2287 1522 2379 nihil,
1544 2290 1610 2367 nist
1645 2292 1787 2370 bonum

409 2407 447 2483 &
485 2406 682 2496 selectum,
708 2411 896 2485 continere
946 2403 1013 2481 fibi
1048 2404 1310 2505 persuadebit:
1342 2405 1443 2483 secus
1490 2432 1532 2489 ac
1581 2406 1659 2487 fieri
1695 2408 1787 2487 solet

407 2526 449 2598 in
475 2523 554 2597 aliis
576 2522 754 2619 eiusmodi
782 2523 1104 2623 bpbemtridibus,
1123 2524 1163 2601 in
1184 2522 1315 2622 quibus
1340 2522 1558 2623 plerumque
1577 2525 1690 2603 muita
1706 2525 1788 2601 sunt

407 2638 507 2717 mala
526 2644 641 2717 mixta
658 2638 773 2718 bonis.
821 2640 861 2719 st
885 2663 966 2741 quaa
988 2663 1009 2717 a
1029 2662 1091 2715 me
1113 2637 1390 2739 proficiscuntur
1413 2642 1563 2740 publico
1595 2639 1703 2737 digna
1735 2645 1789 2737 ju·

408 2754 536 2845 dicas,
564 2756 723 2857 exempli
744 2761 858 2857 gratia
880 2782 960 2859 quae
983 2757 1037 2833 'de
1060 2778 1251 2833 curvarum
1285 2762 1560 2857 comparatione
1597 2759 1634 2834 δι
1662 2756 1789 2835 reduc·

408 2870 515 2951 tione
539 2876 585 2952 ad
610 2875 761 2953 circulos
775 2898 850 2976 ope
869 2874 1167 2972 moltigibbarum
1193 2870 1396 2963 meditatus,
1418 2876 1559 2975 aliaque
1573 2898 1652 2981 quae
1679 2872 1788 2953 adTe

407 2988 530 3089 scripsi
555 2995 593 3069 in
627 2992 754 3074 litteris
789 2996 961 3093 privatis,
995 2992 1033 3067 da
1065 2991 1134 3069 alia
1167 2989 1312 3089 publice
1351 2994 1644 3083 communicavi,
1673 2992 1789 3069 lib'en·
1915 3022 1917 3029 ’

247 3135 252 3143 ·
407 3121 464 3185 ter
491 3111 606 3207 patiar
629 3125 671 3185 ut
696 3110 807 3188 edas:
827 3108 913 3189 Tuo
942 3111 1043 3187 enirn
1066 3108 1215 3187 arbitrio
1234 3130 1276 3187 ea
1299 3108 1482 3209 relinquo.
1540 3108 1790 3187 lnterimdum

410 3224 604 3325 aliquando
625 3230 769 3307 vacabit
794 3226 983 3307 discutiam
1008 3225 1212 3305 Adversaria
1236 3248 1340 3314 mea,
1364 3228 1402 3303 &
1420 3250 1500 3327 qua
1529 3228 1705 3305 inuenero
1726 3228 1790 3303 ali-

411 3345 515 3438 cujus
532 3349 711 3442 momenti
737 3345 828 3423 Tibi
849 3344 1069 3424 submittam.
1120 3340 1326 3441 significavi
1346 3342 1445 3425 Duo,
1492 3344 1564 3427 ΗΕ
1578 3370 1604 3422 n
1617 3370 1647 3423 u
1661 3364 1789 3423 anuo

414 3457 540 3537 Tuum
568 3460 822 3559 propositum,
860 3484 1019 3563 eumque
1045 3460 1232 3547 hortatus,
1256 3476 1298 3537 ut
1322 3465 1443 3541 mittat
1473 3460 1790 3563 quoque,fiquid

414 3575 600 3654 edendum
623 3576 775 3670 babent,
806 3578 911 3681 quod
938 3579 974 3655 se
997 3578 1173 3657 faciurum
1203 3576 1396 3677 promisit:
1427 3578 1549 3655 Miror
1571 3599 1658 3653 vero
1689 3574 1791 3673 quod

410 3694 486 3793 ipse
511 3693 680 3773 nondum
708 3702 748 3776 in
776 3698 873 3777 banc
898 3696 1119 3775 Societatem
1149 3692 1192 3770 fit
1219 3709 1437 3794 cooptatus,
1462 3718 1548 3772 cum
1574 3706 1695 3767 tamen
1722 3688 1792 3767 alii
1952 3729 1960 3747 ·

359 3797 366 3808 ’
410 3810 507 3898 forte
533 3814 655 3893 minus
675 3813 762 3893 Tibi
781 3817 863 3894 noti
887 3816 929 3893 in
947 3838 1028 3891 eam
1049 3818 1123 3912 jam
1137 3808 1204 3887 fint
1224 3816 1372 3911 recepti.
1428 3809 1489 3889 De
1519 3820 1650 3886 caetero
1677 3805 1794 3881 liben-

410 3917 466 4005 ter
489 3950 510 4005 a
535 3928 594 4023 Te
622 3930 750 4009 scirem
780 3925 1001 4012 Theodorum
1036 3930 1373 4011 Zwtuoanun
1412 3930 1451 4003 in
1491 3928 1559 4003 hac
1600 3921 1793 4001 Academia

407 4043 608 4129 Medicina
626 4046 865 4129 Prosefforem
888 4053 930 4127 in
954 4070 1149 4127 numerum
1179 4044 1373 4121 Sociorum
1376 4092 1673 4120 .......
1688 4035 1791 4116 fuisse

407 4162 566 4243 relatum
581 4162 682 4259 ,tati
710 4167 782 4259 sit,
802 4191 850 4248 ex
874 4190 952 4272 quo
973 4181 1152 4269 tempore.
1188 4158 1280 4238 Vale
1298 4161 1337 4237 tc
1375 4158 1476 4238 Faue.

505 4374 630 4471 Rvfileae
651 4395 713 4506 13.ι
734 4382 850 4459 Martii
871 4398 977 4478 ¹707·

1103 4554 1348 4668 Amplitndini
1377 4554 1467 4637 Tuae
1491 4548 1760 4634 Derotissrmua.

1243 4704 1714 4835 IJ.Btnuounnu
1908 4700 1911 4705 '

1303 5144 1337 5218 z
1540 5228 1542 5233 ¹
1663 5134 1802 5207 ntra
