5459 6684
468 841 803 934 tnrtni'rrr'
831 836 1678 939 trunanontrr'1,orisr.chx.
1733 862 1798 937 181

389 986 477 1071 llari
507 986 649 1065 scheda
677 978 912 1085 expressum,
943 979 1047 1083 quod
1070 1004 1149 1059 non
1184 984 1356 1083 exiguam
1384 988 1485 1089 spem
1514 984 1602 1063 fecit
1628 988 1799 1089 augendae
1820 986 1924 1059 1707·

391 1109 511 1193 huius
540 1106 733 1183 Scientiae.
851 1127 854 1135 ¹
990 1175 995 1183 s
1816 1068 1937 1141 Οᾶθὴ·

490 1220 625 1301 Dnus.
657 1219 1054 1297 Scueocuzaaos
1086 1219 1127 1295 in
1154 1215 1303 1318 Alpium
1337 1212 1578 1319 descriptione
1609 1220 1707 1319 apud
1736 1246 1802 1319 vos

395 1340 553 1419 utiliter
584 1338 636 1413 est
665 1350 871 1433 occupatos.
912 1330 974 1439 (r)
1011 1332 1165 1413 Vivitne
1197 1336 1321 1415 adhuc
1338 1334 1457 1415 Dous.
1505 1332 1578 1413 Ho
1595 1356 1802 1415 traunt-

402 1481 535 1545 uus,
569 1456 633 1555 qui
659 1454 823 1553 praeclara
848 1452 1012 1552 quaedam
1042 1450 1333 1551 excogitaverat,
1355 1458 1463 1532 etiam
1494 1454 1531 1529 in
1557 1452 1680 1533 studiis
1716 1454 1798 1537 nos-

403 1578 503 1667 tris3
523 1593 672 1671 pergere
688 1567 807 1667 posset
829 1570 991 1659 utiliter,
1019 1568 1086 1647 nist
1108 1575 1267 1669 negotiis
1282 1572 1529 1673 impediretur.

495 1688 562 1789 De
588 1686 640 1763 Te
665 1687 774 1762 nobis
795 1690 835 1763 in
866 1687 943 1765 dies
965 1690 1078 1787 magis
1104 1688 1288 1791 magisque
1322 1690 1490 1789 praeclara
1518 1690 1696 1787 promitto
1705 1711 1715 1781 ;
1748 1690 1796 1765 ita

400 1820 528 1882 tamen
554 1816 602 1881 ot
623 1804 742 1880 nolim
768 1803 807 1879 id
840 1802 1054 1885 valentdinis
1078 1802 1166 1884 Tuae
1189 1807 1433 1886 incommodo
1463 1806 1540 1883 lieri
1553 1830 1565 1900 3
1589 1828 1669 1883 eam
1688 1805 1796 1905 spero

391 1944 499 1998 nunc
530 1919 620 1999 sore
644 1943 692 1997 ex
717 1918 904 2001 sententia.
1324 2020 1328 2031 Ι

487 2034 584 2137 Ego
616 2038 730 2115 animi
761 2042 911 2139 gratia,
949 2062 1036 2121 cum
1071 2037 1294 2121 Sereniffima
1320 2038 1491 2149 Eletlrice
1526 2028 1795 2149 Guessebptum

387 2159 580 2244 excurri,
612 2155 649 2231 dr
679 2154 766 2233 inde
795 2146 960 2265 Caffellas
992 2160 1038 2235 ad
1058 2158 1311 2239 serenissimum
1333 2157 1621 2259 Landgravium,
1647 2160 1712 2259 qui
1738 2180 1795 2233 re-

384 2296 475 2349 rum
496 2269 852 2351 Mathematicarum
874 2277 912 2352 de
936 2270 1233 2353 Methanicarum
1262 2278 1312 2353 est
1338 2275 1611 2372 curiosissimus,
1635 2277 1673 2351 &
1695 2298 1795 2353 nunc

385 2386 464 2467 Zu
476 2410 763 2467 maternum
785 2391 825 2467 in
839 2391 968 2469 Aulam
980 2392 1079 2472 suam
1098 2394 1226 2468 accivit
1251 2387 1388 2493 (cnjus
1421 2386 1711 2471 Planetosabium
1730 2394 1795 2485 (2)

384 2504 487 2582 Tibi
518 2517 659 2581 notum
681 2504 750 2581 esse
769 2524 862 2605 puto
876 2508 892 2605 ]
908 2523 951 2585 ut
977 2508 1281 2585 Mathematicum
1302 2510 1460 2595 habeat,
1484 2510 1703 2609 [postquam
1717 2506 1798 2585 Do·

388 2615 769 2698 minusParruos
794 2622 972 2721 discesit]
1005 2625 1044 2702 dt
1072 2625 1117 2701 ab
1145 2648 1192 2700 eo
1220 2628 1328 2701 etiam
1362 2616 1562 2728 Algebram
1588 2623 1709 2701 discat.
1795 2690 1798 2699 ,

490 2736 592 2814 Ante
624 2740 767 2839 aliquot
786 2737 867 2817 dies
890 2743 1036 2822 locutos
1062 2742 1139 2818 stim
1167 2765 1252 2819 com
1279 2740 1508 2819 Miisronario
1534 2730 1802 2819 excurtatos

390 2850 525 2943 duce,
550 2858 615 2955 qui
643 2852 834 2934 Medicum
860 2859 936 2937 illic
961 2874 1148 2960 utcunque
1174 2862 1259 2956 egit
1305 2858 1341 2935 Is
1368 2858 1483 2947 mihi,
1513 2861 1607 2935 inter
1636 2856 1727 2945 alia,
1746 2856 1801 2932 di·

388 2972 454 3047 xit
477 2968 748 3069 Imperatorem
773 2972 957 3054 Sineosem
972 2980 1081 3054 etlam
1108 2970 1277 3073 Alpebrae
1301 2976 1542 3052 rudimentaa
1562 2971 1668 3052 Patre
1683 2972 1800 3049 Ver.

392 3106 442 3163 nt
456 3110 576 3163 tert
591 3113 616 3165 o
645 3086 831 3178 didicisse,
856 3116 971 3194 eaque
994 3117 1033 3171 re
1065 3071 1169 3170 soille
1204 3094 1370 3192 inprimis
1398 3084 1624 3172 delectatum.
1680 3084 1799 3185 Quod

394 3202 582 3303 superest,
614 3202 704 3283 Vale
738 3206 777 3282 ἀ
807 3204 911 3289 Fare.

438 3392 447 3403 “
508 3410 640 3539 uuam
659 3421 833 3493 uuum
856 3436 912 3498 12.
952 3418 1110 3499 oootrrs
1143 3438 1250 3511 1707·
1293 3395 1298 3403 ’

1365 3588 1624 3696 Deditiisrmus.
1696 3726 1702 3737 Ι

1245 3826 1291 3911 G.
1323 3824 1372 3907 G.
1403 3828 1705 3911 Laroutrrus.

1183 4023 1385 4128 Responsio
1416 4027 1523 4106 deest

446 4288 508 4388 (1)
533 4299 609 4393 Joh.
644 4300 712 4393 Jac
740 4296 1104 4377 Scuaucu'zntt
1126 4250 1488 4373 orrrrtnorrrtz
1517 4294 1679 4375 ltelvetims
1699 4350 1711 4387 ,
1730 4293 1799 4389 five

404 4392 528 4467 Itinera
550 4398 716 4491 apamia.
743 4402 848 4473 Lond.
867 4410 976 4488 1708.
987 4408 1034 4493 4⁰.
1051 4399 1153 4473 Aulia
1163 4398 1294 4474 nucitum
1307 4397 1415 4493 Lugd.
1427 4400 1495 4475 Bar.
1511 4418 1615 4491 1723·
1632 4402 1681 4488 4⁰.

466 4493 528 4588 (a)
545 4498 683 4571 Editum
696 4496 872 4575 danielus.
903 4518 1008 4589 1700.
1029 4501 1076 4594 4⁹.
1755 4504 1759 4518 “
