5459 6684
1019 874 1113 954 *54
1270 836 1697 943 comdemnat
1748 850 2195 929 aeisromoom

856 1030 969 1111 1706.
1029 1005 1159 1095 genter
1184 990 1309 1079 fallas,
1341 990 1380 1067 &
1402 1014 1425 1066 a·
1449 986 1572 1067 multis
1595 986 1710 1064 annis.
1755 984 1868 1063 Nunc
1889 981 2120 1065 Flamsee
2135 1010 2275 1077 niue,
2295 985 2445 1071 sumti-

851 1116 921 1215 sul

894 1446 907 1491 l

1029 1114 1098 1189 bus
1127 1108 1291 1187 Amiralii
1324 1100 1467 1210 Angliae
1503 1102 1580 1181 luas
1624 1106 1770 1203 triginta
1813 1126 1993 1181 annorum
2029 1104 2297 1185 observationes
2329 1108 2440 1185 edet„

1031 1228 1105 1307 Sed
1129 1224 1438 1304 Newaonos
1477 1234 1588 1322 negat
1615 1220 1680 1299 fibi
1706 1224 1868 1299 animum
1898 1217 1966 1297 elle
1995 1220 2174 1299 redeundi·
2197 1222 2242 1300 ad
2273 1221 2351 1301 hos
2384 1226 2441 1305 la·

1032 1349 1148 1423 bores.
1183 1340 1285 1421 Cum
1307 1333 1464 1443 Eelipfis
1490 1334 1564 1449 (1)
1593 1344 1631 1417 io
1648 1338 1792 1417 summo
1818 1338 1926 1427 ellet,
1946 1335 2073 1417 Venus
2090 1343 2199 1421 etiam
2220 1344 2258 1419 in
2278 1340 2341 1419 his
2357 1347 2434 1419 orie

1031 1458 1156 1563 paffim
1182 1459 1254 1537 visa
1283 1460 1339 1536 est.
1360 1462 1449 1557 (2),
1482 1456 1619 1537 tametsi
1652 1454 1801 1559 Ecliplis
1829 1456 1947 1541 totalis
1973 1478 2057 1535 noo
2079 1454 2182 1557 ellat..
2217 1458 2332 1539 Certe
2362 1452 2438 1537 Be·

1033 1577 1143 1659 rolmi
1168 1576 1397 1678 conspellam
1428 1576 1473 1655 ad
1501 1600 1561 1653 me
1593 1573 1748 1654 relatum
1779 1576 1846 1653 est„

1103 1694 1222 1776 Facile
1240 1695 1451 1795 judicabam·
1472 1691 1557 1770 Tibi
1589 1716 1667 1771 non
1689 1695 1857 1795 probari,
1885 1716 1964 1795 quae
1992 1692 2331 1781 Rabannae,
2357 1693 2438 1773 nel-¹

1035 1820 1096 1897 cio
1123 1810 1222 1894 unde
1249 1826 1425 1914 accepta,
1446 1808 1581 1889 Diario·
1610 1811 1681 1890 suo*
1715 1813 1760 1889 de
1795 1810 1949 1891 Calculo
1978 1813 2101 1891 nostro
2129 1808 2316 1898 inseruit,
2373 1816 2439 1893 ita·

1034 1950 1109 2037 ‘que
1137 1934 1334 2009 hominem.
1355 1928 1566 2009 admonebo
1593 1942 1635 2005 ut
1659 1933 1827 2029 corrigat
1887 1925 1981 2007 Non·
2005 1929 2146 2007 constat
2166 1926 2264 2003 mihi·
2287 1930 2340 2006 de
2377 1923 2439 2011 Jo¹

1020 2046 1138 2157 sepho·
1166 2046 1427 2127 Veezaem
1462 2036 1674 2151 Bononiensi
1686 2106 1696 2134 ,
1729 2046 1894 2145 eiusdem·
1928 2044 2132 2148 alnalyseoa
2157 2066 2240 2125 non·
2258 2066 2431 2149 experto.

1033 2169 1136 2247 Alius
1160 2166 1309 2269 quidam
1333 2188 1383 2241 ex
1404 2158 1521 2241 Italia
1548 2163 1762 2245 Monachus
1785 2164 2033 2243 Benedidlinus
2053 2166 2147 2260 (13)‘,.
2163 2162 2222 2253 (fi
2241 2164 2340 2243 bene
2360 2192 2435 2247 me-

1033 2288 1161 2379 mini)
1196 2276 1320 2360 Guido
1353 2279 1635 2361 Gaannioa
1669 2286 1819 2390 nomine
1840 2340 1857 2370 ,.
1887 2282 2088 2385 aliquando
2115 2282 2165 2359 ad·
2203 2306 2264 2359 me
2292 2282 2431 2387 scriplit

1032 2402 1081 2479 de
1111 2398 1247 2477 eodem
1272 2414 1491 2499 argumento
1520 2456 1538 2489 r
1568 2396 1812 2489 &Libellum
1839 2424 1858 2477 a
1888 2400 1922 2477 le
1953 2402 2091 2483 editum
2123 2401 2186 2496 (4)
2217 2397 2312 2479 mifit
2327 2460 2346 2491 ,-
2373 2408 2427 2482 ubi

1033 2516 1206 2617 quaedam
1229 2516 1354 2595 nostra·
1379 2514 1553 2595 allecutus
1581 2542 1662 2596 non
1682 2518 1777 2595 male
1803 2516 2016 2614 videbatur;
2038 2513 2130 2595 nihil
2161 2533 2288 2594 tamen·-
2324 2520 2427 2600 dede.

1034 2646 1091 2712 rat
1113 2632 1217 2736 quod
1240 2656 1321 2713 non
1354 2657 1406 2711 ex
1430 2636 1502 2713 illis
1535 2652 1712 2735 prompte
1740 2633 1875 2713 flueret.
1909 2634 1952 2714 si·
1972 2660 2042 2739 qua
2070 2660 2120 2713 ex·
2147 2626 2275 2715 Gallia
2298 2641 2428 2719 intelli

1034 2754 1094 2853 gie
1121 2752 1167 2830 ad
1196 2764 1276 2829 rem
1300 2751 1509 2831 litterariam
1538 2752 1727 2851 spedantia
1755 2756 1986 2832 communica
2019 2754 2159 2857 quaeso«
2182 2750 2419 2835 Momm

1035 2869 1082 2945 ad
1109 2892 1170 2943 me
1200 2865 1351 2943 Litteras
1377 2868 1501 2943 attolit
1527 2868 1656 2967 aliquis
1682 2868 1745 2963 qui
1771 2891 1860 2943 cum·
1893 2866 2033 2969 Legato
2063 2894 2179 2969 nupeo
2211 2871 2289 2951 huc
2315 2878 2412 2953 venit.

1034 2981 1194 3058 Nuntiat
1216 2976 1467 3057 Haemum
1492 2980 1598 3055 edere
1614 2980 1779 3055 libellum
1802 2981 2085 3060 Ammona
2104 3004 2150 3057 ex
2174 2984 2336 3067 Arabico
2354 3016 2402 3061 aa·

1035 3096 1115 3171 som
1134 3092 1179 3168 de
1199 3086 1359 3170 Sedima
1382 3092 1544 3169 rationil·
1562 3150 1580 3181 „
1614 3093 1792 3194 fimulque
1823 3106 1966 3193 partem
1991 3098 2071 3190 jam
2093 3090 2275 3191 publicam
2303 3106 2432 3175 mitia.

1034 3206 1172 3288 ADno
1193 3206 1489 3288 Humano
1517 3208 1581 3287 diu
1603 3210 1655 3287 est'
1676 3208 1782 3310 qood
1803 3208 1893 3287 nihil
1909 3212 2034 3310 accepi
2052 3231 2066 3308 3
2089 3208 2191 3308 lpero
2213 3208 2345 3281 omnia
2362 3214 2438 3306 jam

1036 3324 1213 3403 consede.
1256 3324 1412 3405 Gaudeo
1442 3324 1513 3407 elle
1537 3324 1624 3405 Tibi
1638 3386 1657 3418 ,.,
1686 3352 1732 3411 ex
1751 3328 1823 3407 alio
1850 3326 1937 3404 licet
1963 3324 2111 3413 Fratre,
2133 3322 2320 3421 Nepotem
2344 3328 2431 3419 (ς),

1031 3442 1428 3543 'quem'Fraternarum
1453 3443 1606 3523 laudum
1636 3443 1809 3525 heredem
1831 3443 1969 3541 sperare
1994 3445 2047 3550 fas
2075 3440 2129 3519 fit.
2172 3433 2264 3517 Vale
2300 3440 2336 3515 ἃ
2370 3466 2428 3517 me
2464 3538 2466 3617 t

1038 3582 1136 3640 ama..
1338 3634 1343 3643 .

1244 3672 1375 3754 Dabam
1397 3682 1575 3749 Hmoverae
1607 3692 1662 3765 15.
1681 3674 1763 3767 Julii
1793 3678 1906 3763 1706ss

1467 3854 1726 3937 Deditiffimuo.
1840 3850 1894 3934 G..
1922 3848 1976 3933 G.
1999 3853 2324 3935 [mmmm.

2257 4420 2407 4513 EPIS-

1114 4628 1152 4723 1)
1184 4622 1281 4717 Solis,
1306 4649 1371 4724 qua
1390 4622 1493 4703 'totalis
1507 4618 1668 4719 olseevaiae
1682 4624 1715 4697 in
1730 4624 1835 4700 multis
1856 4634 1982 4724 Europa
1996 4628 2066 4703 locis'
2077 4655 2104 4704 a.
2122 4627 2153 4703 d:
2174 4646 2218 4704 12
2233 4626 2308 4705 Maii
2321 4632 2404 4713 1706.

1111 4727 1152 4819 2)
1187 4731 1256 4803 Vid.
1282 4733 1362 4822 Epist
1381 4728 1510 4825 placed.

1112 4823 1152 4917 3)
1185 4836 1251 4901 Imo
1276 4827 1519 4919 Camaldidenfis.
1879 4910 1882 4919 Δ

1087 4920 1151 5019 (4)
1186 4928 1378 4999 Geontetrica
1395 4928 1630 5019 „Damam-atio
1663 4921 1896 5001 illamentatum
1920 4927 2200 5021 Hagenienorum’‚
2223 4932 2298 4997 circa
2317 4916 2401 5013 mgis-

1039 5028 1133 5097 mam
1153 5022 1222 5109 &a
1247 5022 1384 5093 Auliore
1407 5030 1450 5095 D'.
1474 5025 1630 5097 Gnidone
1655 5028 1689 5099 G
1702 5042 1727 5101 R
1738 5046 1762 5099 Δ
1775 5044 1802 5098 Ν
1815 5048 1842 5099 n
1854 5046 1868 5101 1
1891 5028 1950 5098 &e
1982 5026 2129 5103 Florent.
2159 5044 2251 5117 1701.
2271 5024 2313 5113 4⁴·

1095 5116 1157 5213 (ς)
1184 5121 1364 5197 Nicolaum
1387 5122 1446 5199 Be
1461 5144 1487 5200 a
1500 5140 1526 5194 n
1542 5142 1705 5197 oum
1722 5122 1852 5202 Nicolai
1876 5124 2002 5199 Filiwn..
