5459 6684
445 802 764 880 reinarrrrr
785 777 858 881 a'r
880 777 1278 892 atanarico,
1301 797 1430 870 emar.
1459 798 1650 876 comt.
1703 818 1769 892 241

380 937 430 1008 ab
453 937 656 1034 equalibus
685 935 810 1035 liguris
836 950 877 1012 ut
905 937 989 1035 ipsae
1017 933 1213 1032 figurarum
1243 930 1477 1018 velocitates,
1514 955 1602 1031 quas
1637 933 1892 1061 endor-1710
1927 953 1933 967 ‘

376 1072 462 1126 mes
495 1046 695 1153 suppon03
718 1056 815 1131 unde
841 1059 955 1132 oritur
980 1057 1071 1130 ratio
1098 1050 1369 1127 resistentiarurn
1390 1052 1427 1124 in
1452 1050 1593 1127 ratione
1615 1047 1917 1148 duplicaneoem,
2026 1061 2029 1066 “

374 1176 419 1242 ta
445 1167 706 1248 velocnatum.
736 1168 824 1270 Pag.
843 1194 934 1268 374.
957 1167 1053 1247 anda
1068 1191 1150 1244 cum
1176 1156 1406 1274 imprffrner
1425 1155 1520 1270 stant
1546 1165 1613 1242 &c
1635 1167 1775 1266 duplex

379 1281 451 1357 hic
476 1285 573 1361 latet
596 1305 725 1384 error3
753 1289 873 1387 primo
908 1291 1029 1375 eninr,
1056 1284 1300 1385 impressiones
1332 1307 1403 1382 qua
1437 1283 1542 1360 orbes
1569 1281 1603 1358 se
1642 1297 1772 1361 mutuo
1867 1369 1869 1376 ¹

383 1419 458 1496 per
485 1401 926 1506 frisiionemuimpellunt,
948 1429 1027 1482 uon
1053 1403 1135 1481 sunt
1166 1405 1314 1502 utique,
1352 1401 1419 1494 [ut
1447 1413 1550 1476 autor
1568 1397 1772 1498 supponit]

383 1514 430 1587 in
469 1515 547 1594 sola
573 1522 868 1598 rationevirium
898 1521 1162 1607 resistentium,
1198 1517 1260 1596 sed
1288 1515 1408 1595 fimul'
1426 1519 1533 1592 etiam
1564 1515 1773 1593 earumdem

385 1629 681 1712 distantiaruma
704 1650 832 1714 centro
854 1640 1018 1725 orbium,
1046 1661 1112 1736 per
1138 1650 1302 1712 naturam
1322 1634 1453 1720 vedis,
1478 1637 1517 1709 in
1544 1656 1618 1732 quo
1642 1635 1774 1709 virium

383 1767 582 1826 momenta
599 1753 769 1831 crescunt
788 1756 826 1830 in
851 1759 993 1834 ratione
1013 1753 1257 1830 distantiarum
1281 1754 1325 1828 ab
1354 1749 1645 1851 hypomochlio,
1674 1751 1712 1825 &
1735 1752 1774 1824 in

382 1867 504 1951 rotis,
525 1866 587 1942 vel
617 1870 764 1946 orbibus
783 1872 822 1946 io
846 1876 987 1949 ratione
1015 1871 1219 1948 radiorum:
1255 1867 1428 1953 Deinde,
1455 1871 1544 1944 vires
1570 1863 1776 1944 resistentia-

386 2001 477 2056 rum
501 2007 578 2058 non
606 1997 746 2063 tantum
774 1987 855 2064 sunt
882 2007 923 2065 ut
947 1991 1130 2086 contiguae
1158 1985 1384 2084 superficies,
1408 1985 1442 2059 &
1472 1983 1601 2061 harum
1631 1984 1777 2060 transla-

388 2094 515 2172 tiones
540 2100 585 2175 ab
602 2086 762 2179 invicem
784 2089 1002 2204 simpliciter*
1022 2099 1166 2188 sumrae,
1197 2101 1258 2176 sed
1277 2118 1319 2176 ut
1342 2099 1526 2200 contiguae
1552 2100 1774 2202 superficies,

394 2208 436 2280 ἃ
471 2213 822 2312 [quemadmodum
858 2221 961 2319 supra
987 2217 1033 2295 ad
1058 2219 1195 2292 autoris
1228 2215 1447 2315 hypothesi-n
1482 2219 1683 2316 annotavi]
1717 2218 1780 2295 ha·

381 2345 482 2400 rum
513 2332 820 2424 translationum,
842 2336 918 2411 hoc
941 2334 1009 2428 est,
1042 2333 1275 2438 velocitatum
1302 2332 1550 2422 relativarum,
1577 2335 1707 2435 quibus
1725 2357 1784 2412 or-

378 2439 449 2516 bes
490 2467 511 2520 a
543 2445 577 2520 se
602 2449 759 2554 invicem
791 2449 1018 2550 separantur,
1053 2448 1232 2549 quadrata.
1281 2446 1457 2535 Interim,
1492 2451 1593 2548 quod
1622 2448 1783 2526 mirabile

386 2556 467 2647 hie
490 2560 647 2650 accidit,
680 2563 753 2640 duo
786 2565 825 2642 hi
851 2589 991 2642 errores
1024 2563 1058 2640 se
1093 2576 1226 2639 nmtuo
1256 2564 1479 2654 restituunt,
1507 2565 1717 2669 faciuntque
1744 2579 1785 2642 ut

391 2672 571 2775 tempora
594 2679 781 2776 periodica
804 2679 841 2757 se
868 2680 1024 2758 habeant
1048 2678 1152 2756 ficuti
1182 2683 1220 2754 in
1237 2679 1488 2779 propositione
1517 2679 1682 2758 asseritur.
1716 2679 1786 2758 Sed

396 2815 485 2892 pag.
524 2806 624 2886 376,
657 2797 719 2872 ubi
748 2795 895 2875 eosdem
926 2821 1064 2873 errores
1092 2793 1271 2873 commisit
1297 2797 1457 2886 Autlor,
1487 2797 1528 2874 hi
1559 2801 1630 2898 jam
1649 2797 1684 2872 se
1710 2789 1789 2874 rnu-

394 2924 468 2986 tuo
493 2931 571 2982 non
595 2913 857 3011 compensant,
889 2913 1055 3014 adeoque
1077 2913 1220 3018 abludit
1248 2934 1266 2988 a
1298 2919 1547 2992 veteratione
1577 2927 1787 3013 temporum

392 3022 678 3122 periodicorvam
702 3033 859 3126 parti-um
887 3029 991 3105 fluidi
1020 3033 1056 3103 in
1083 3031 1223 3104 vortice
1248 3027 1412 3118 infinito,
1450 3055 1517 3131 per
1552 3030 1708 3128 globum
1721 3029 1786 3104 'ali-

392 3163 513 3239 quem
542 3143 643 3217 circa¹
664 3167 771 3219 axem
806 3144 908 3221 suurn
941 3158 1154 3220 moventem
1192 3142 1341 3241 agitato.
1384 3135 1529 3224 Invenit
1570 3149 1668 3222 enim
1705 3146 1785 3221 haec

392 3271 571 3354 tempora
599 3261 782 3357 periodica
799 3265 840 3336 in
862 3265 1006 3338 ratione
1029 3261 1198 3362 quadrata
1215 3261 1459 3340 distantiarum
1483 3261 1503 3340 ὲ
1527 3279 1652 3341 centro
1675 3262 1787 3363 sphe-

392 3392 479 3449 ra:
514 3363 599 3470 Ego
621 3399 706 3451 vero
738 3381 776 3452 in
802 3379 941 3454 ratione
974 3377 1219 3481 sesquiplicata
1252 3380 1485 3470 earumdem,
1524 3379 1668 3480 prorsus
1699 3403 1789 3456 con·

395 3488 573 3566 formiter
599 3491 849 3591 phoenomenis
886 3490 1114 3573 Planetarum
1152 3497 1188 3568 ἃ
1227 3496 1450 3583 satellitum,
1488 3501 1524 3572 δι
1555 3501 1604 3572 ita
1632 3496 1787 3570 vortices
1880 3505 1884 3514 “

402 3596 659 3707 Cartasionas,
696 3627 822 3686 contra
853 3606 1069 3708 opinionem
1094 3611 1268 3701 auctoris,
1300 3615 1365 3714 qui
1396 3611 1483 3690 salso
1512 3613 1575 3717 suo
1618 3607 1784 3684 Theora-

403 3727 495 3801 mati
519 3725 664 3803 innixus
693 3749 757 3802 eos
790 3725 994 3802 convellere
1017 3742 1192 3815 conatur,
1220 3731 1302 3829 pag.
1331 3733 1425 3816 381.
1464 3731 1500 3806 bc
1530 3717 1787 3818 382,‘n1irifi·

409 3866 452 3918 ce
474 3842 684 3937 ⁸astruuntur
712 3845 750 3919 dc
771 3839 1050 3919 confirmantur:
1086 3843 1132 3922 de
1162 3869 1237 3944 quo
1263 3840 1422 3920 multum
1455 3842 1528 3921 fine
1560 3841 1676 3920 dubio
1705 3833 1789 3942 glo·

409 3961 519 4035 riatus
544 3959 662 4036 fuisset
681 3957 714 4034 C
723 3971 991 4044 invectus,
1018 3955 1041 4032 li
1071 3959 1352 4060 sesquiplicatam
1376 3955 1475 4034 illam
1499 3963 1681 4038 rationem
1699 3973 1791 4035 tem·

409 4098 543 4173 porum
565 4073 864 4177 periodicorurn,
900 4099 980 4176 quac
1006 4097 1071 4175 per
1095 4075 1363 4154 observationes
1388 4071 1541 4154 Planetis
1574 4088 1790 4176 competunt

413 4194 584 4288 potuisset
608 4191 848 4271 demonstrare
879 4193 1038 4286 partibus
1066 4189 1169 4297 fluidi
1198 4191 1346 4269 vorticis
1379 4191 1422 4266 ab
1449 4197 1569 4270 attritu
1597 4191 1629 4267 se
1661 4207 1791 4270 mutuo
1826 4223 1840 4251 ,

415 4303 685 4404 impellentibus
720 4289 938 4385 identidem‘
954 4305 1147 4387 necessario
1182 4308 1319 4385 inesse:
1350 4308 1587 4408 quod·certe
1631 4309 1791 4389 adversus
1926 4393 1929 4398 ,

413 4421 705 4504 Newvouuu
732 4426 823 4502 serio
857 4426 902 4502 ad
926 4422 1092 4504 animum
1122 4431 1283 4506 revocari
1313 4442 1510 4504 meretora
1541 4419 1788 4534 Cartasicrnir,
1872 4497 1874 4501 .

413 4541 439 4618 fi
472 4541 626 4621 vortices
651 4541 757 4630 suos,
783 4533 907 4646 [quos
933 4543 994 4619 ille
1021 4543 1106 4624 ideo
1126 4560 1268 4624 tantum
1290 4543 1478 4640 explodit,
1508 4545 1603 4646 quasi
1620 4547 1793 4626 nirrvirum

414 4659 664 4757 phoenomenis
687 4683 764 4736 non
788 4659 1081 4761 responderent]
1112 4663 1155 4740 ab
1184 4663 1335 4759 impatla
1368 4664 1644 4762 incongruentia
1676 4663 1794 4739 vindi·

372 4839 377 4845 .
414 4801 498 4860 care
531 4777 652 4853 velint.
686 4775 769 4877 Pag.
802 4800 897 4874 422.
931 4776 1087 4866 Videtur
1108 4779 1172 4863 hic
1190 4783 1310 4857 minus
1333 4781 1425 4858 reue
1451 4779 1605 4879 supponi
1633 4781 1794 4858 canalem

511 4887 608 4976 Tun.
639 4887 697 4971 Il
839 4964 845 4976 .
1143 4973 1147 4978 ,
1206 4894 1290 5004 ιΗΙι
1679 4891 1797 4996 cylin-
