5459 6684
939 846 1013 925 ere
1064 802 2221 921 commororuuurtirorrcuu.

764 994 870 1068 1712.
997 982 1175 1063 Nondum
1199 978 1306 1055 rideo
1336 976 1433 1056 haud
1461 971 1562 1081 posse
1595 976 1670 1062 dari
1702 972 1983 1075 logatithmum
2002 977 2051 1049 aa·
2064 1014 2135 1030 -·
2149 998 2197 1055 2:
2219 999 2330 1073 nego

759 1077 846 1173 Aut«
939 1102 1037 1179 enim
1074 1096 1174 1199 qnod
1203 1076 1316 1171 asserir
1352 1092 1629 1195 Logarithororn
1652 1104 1701 1180 φ*
1729 1084 1857 1181 cs·-
1887 1113 1911 1168 2
1941 1090 2009 1169 esse
2045 1095 2176 1192 prioris
2214 1092 2325 1169 dimi·

938 1218 1062 1311 dium;
1095 1212 1158 1292 etsi
1192 1234 1315 1289 verum
1345 1210 1388 1287 sit
1413 1210 1676 1308 sogarithmum
1699 1210 1751 1290 aa*
1780 1199 1815 1297 rs
1831 1232 1853 1286 2
1891 1206 1963 1285 esse·
1989 1208 2181 1286 dimidium
2210 1209 2324 1309 loga-

936 1332 1060 1409 rithmi
1095 1334 1138 1399 nt
1170 1350 1205 1407 2:
1236 1344 1387 1428 oportet
1408 1334 1545 1428 quippe
1572 1329 1748 1427 inspicere
1775 1330 1951 1402 rationem
1983 1330 2089 1425 hujus
2127 1330 2323 1414 veritatis,

938 1450 975 1525 ἃ
998 1438 1134 1522 videbis
1161 1444 1363 1529 discrimen,
1398 1444 1488 1524 Ideo
1519 1445 1656 1521 scilicet
1681 1441 1937 1541 Logarithmue
1961 1445 2011 1519 aa*
2033 1432 2068 1534 cl
2088 1468 2110 1521 2
2141 1445 2192 1520 est
2216 1446 2325 1519 dimi·

859 1642 861 1649 Α
936 1560 1039 1639 dium
1067 1558 1296 1661 Logarithmi
1328 1594 1369 1640 τυ
1404 1586 1454 1651 2,
1484 1564 1568 1662 quia
1597 1553 1632 1653 tl
1653 1584 1677 1639 2
1705 1560 1756 1636 est
1781 1560 1943 1636 nardium
1965 1560 2240 1658 proportionale
2265 1562 2324 1637 io-

936 1690 991 1789 ter
1031 1702 1046 1755 r
1083 1680 1120 1755 dr
1158 1698 1202 1757 2:
1241 1678 1299 1757 sed
1333 1660 1370 1766 es
1382 1700 1493 1757 -2
1520 1701 1600 1753 non
1639 1677 1881 1755 eumedium
1915 1679 2190 1775 proportionale
2228 1681 2327 1754 inter

937 1832 1006 1851 ·-—
1023 1820 1037 1871 1
1057 1796 1171 1871 ἀ·-
1188 1818 1225 1885 2,
1244 1796 1409 1895 adeoque
1426 1793 1599 1879 concludi
1619 1819 1697 1871 non
1714 1794 1832 1894 potest
1847 1789 2125 1892 Logarithmum
2138 1784 2322 1886 -e’ql-—z

941 1909 1009 1987 esse
1045 1912 1237 1989 dimidium
1281 1910 1509 2009 Logarithnai
1551 1908 1598 1987 «α’
1620 1952 1689 1965 -
1720 1934 1742 1989 2
1768 1932 1782 2003 3
1811 1912 1981 2013 adeoque
2009 1911 2324 2009 quemadmodum

937 2022 1194 2127 Logarithmus
1231 2064 1271 2111 ra
1306 2018 1339 2117 ts
1372 2050 1385 2105 t
1420 2046 1452 2103 ><
1476 2046 1499 2107 2
1526 2026 1575 2103 est
1613 2026 1806 2104 dimidium
1842 2023 2072 2126 Logarithori
2100 2026 2149 2095 re*
2177 2022 2235 2118 2,
2273 2033 2323 2105 ita

939 2171 1086 2251 quoque
1110 2140 1372 2244 Logarinnus
1397 2134 1433 2235 el
1447 2184 1517 2197 -—
1537 2172 1550 2221 r
1569 2160 1750 2233 ><·-2‚
1792 2145 1843 2221 est
1873 2145 2065 2221 dimidium
2094 2142 2322 2244 Logarithrri

938 2302 1005 2319 -·-
1024 2286 1073 2353 2,
1096 2264 1171 2341 hoc
1199 2263 1275 2349 est,
1308 2256 1563 2360 Logarithnrus
1580 2248 1617 2349 el
1629 2280 1651 2340 2
1673 2259 1724 2338 est
1745 2260 1937 2345 dimidium
1960 2257 2257 2361 [ogarithmi-
2272 2284 2312 2351 2,

938 2398 1044 2481 teque
1076 2403 1119 2457 ac
1151 2378 1345 2455 dimidium
1375 2378 1604 2477 Logarithmi
1629 2408 1669 2445 ru
1690 2383 1789 2465 ÷2.
1852 2376 1895 2454 ld
1927 2380 2028 2478 quod
2051 2382 2208 2455 maxime
2229 2396 2313 2457 cou-

937 2480 1055 2571 firmat
1085 2510 1339 2593 argumentum
1360 2498 1398 2571 in
1422 2494 1611 2593 postremis
1633 2498 1722 2571 meis
1741 2492 1917 2582 aliatum,
1950 2493 2020 2571 esse
2049 2496 2187 2575 scilicet
2207 2492 2321 2595 Loga-

937 2612 1113 2688 rithmum
1130 2634 1231 2685 xz:
1248 2610 1487 2711 Logarithmo
1501 2652 1572 2667 ·-
1586 2632 1637 2706 ar}
1650 2631 1696 2701 ex
1713 2636 1758 2687 eo
1773 2612 1874 2712 quod
1889 2607 1962 2687 dara
1977 2636 2013 2687 x
2025 2610 2149 2690 fir:
2162 2602 2320 2689 ——docz

936 2750 1064 2803 -ua
1108 2724 1151 2804 Et
1174 2726 1220 2805 fic
1249 2732 1391 2803 numeri
1419 2728 1591 2823 aiicujus,
1614 2721 1693 2805 'tam
1726 2725 1962 2815 affirmativi,
1993 2754 2103 2831 quam
2132 2734 2325 2830 negativi,-

939 2864 1182 2925 communem
1208 2840 1276 2920 esse
1306 2840 1596 2943 Logarithmutu.
1659 2840 1779 2925 Miror
1802 2868 1890 2923 veru
1924 2842 1993 2923 Te·
2010 2847 2103 2923 velie
2127 2868 2181 2923 ex
2210 2847 2322 2944 sigum
2475 2925 2477 2946 ,

764 2934 924 3009 Tffiu
940 2962 1162 3037 contrarium
1194 2961 1400 3047 ostendere,
1441 2956 1538 3061 quasi
1568 2948 1681 3064 (Fig.
1710 2955 1841 3061 121.)
1869 2962 2035 3040 ordinata
2058 2964 2320 3059 iogaritsamicae

938 3070 1014 3157 LL
1041 3100 1118 3153 non
1150 3072 1257 3173 possit
1283 3078 1332 3150 ita
1368 3076 1595 3163 decrescere,
1623 3090 1665 3152 ut
1691 3075 1878 3155 evanescat
1907 3079 2074 3165 tandem,
2102 3076 2161 3153 seu
2187 3098 2311 3177 perve-
2464 3081 2477 3182 ,j

941 3194 1016 3269 niat
1038 3190 1082 3269 ad
1124 3208 1176 3277 0,
1206 3192 1243 3267 dt
1263 3190 1394 3267 deinde
1420 3192 1572 3267 transeat
1592 3195 1631 3267 io
1654 3197 1870 3271 contrusam
1897 3210 2035 3297 partem
2055 3194 2117 3271 seu
2137 3194 2256 3271 ad—
2268 3215 2317 3281 x,

941 3308 1045 3390 sicuti
1069 3302 1088 3413 (
1110 3300 1189 3411 fig.
1215 3300 1339 3409 1221)
1364 3306 1405 3383 fir
1423 3311 1463 3383 in
1490 3331 1598 3385 curva
1636 3310 1701 3404 C3
1727 3335 1813 3386 cum
1849 3313 2041 3415 suppetant
2063 3325 2184 3387 tamm
2216 3310 2322 3385 innu-

940 3446 1039 3537 mera
1073 3426 1241 3535 erempla
1281 3426 1446 3529 quotidie
1482 3426 1624 3533 obvia,
1667 3452 1747 3537 quae
1787 3443 1977 3542 utramque
2004 3428 2090 3541 ⁴Tui
2122 3430 2322 3527 argumenti

940 3562 1081 3649 partem
1112 3542 1275 3650 uaciisare
1301 3545 1502 3651 evincunt·
1543 3542 1668 3620 Primo
1699 3546 1872 3654 etenim,
1908 3568 2015 3657 curva
2039 3547 2158 3657 aisque
2184 3548 2221 3619 in
2237 3568 2322 3657 ⁴par-

939 3677 1017 3765 tem
1043 3660 1248 3759 oppofitam
1273 3658 1331 3735 seu
1358 3666 1408 3745 4-
1423 3680 1461 3733 ae
1483 3651 1603 3735 in—
1618 3682 1655 3734 x
1678 3657 1824 3737 transrre
1848 3664 1983 3768 potest,
2002 3664 2051 3737 ita
2072 3680 2112 3739 ut
2131 3684 2209 3738 non
2232 3683 2321 3759 opua
2466 3731 2471 3754 ,

937 3778 981 3855 fit
1009 3790 1049 3853 ut
1076 3777 1284 3865 evanescat,
1311 3776 1373 3851 seu
1403 3778 1591 3875 perveniat
1623 3776 1743 3871 ad·o;
1771 3775 1875 3855 sicuti
1901 3782 2021 3855 uidere
2048 3780 2099 3853 est
2121 3780 2159 3853 io
2184 3772 2320 3877 Hyper·

938 3895 1024 3973 bola
1060 3892 1273 3979 ordinaria,
1302 3892 1406 3993 super
1428 3910 1496 3969 axe
1527 3894 1750 3993 conjugato,
1794 3898 1895 3993 cujus
1931 3920 2010 3994 pars
2039 3891 2181 3973 abscissa
2221 3918 2318 3971 coru·
2468 3895 2472 3940 ³

937 4014 1059 4091 munis
1081 4010 1132 4085 est
1157 4011 1327 4087 ordinatae
1359 4004 1646 4087 affirmatirae.&
1674 4015 1886 4111 negativae,
1912 4012 1997 4089 sicet
2023 4034 2210 4112 nunquam
2243 4036 2320 4089 era·

930 4128 1098 4219 ,nascenti
1159 4122 1362 4219 Secundo,
1410 4150 1509 4227 nego
1544 4125 1853 4225 Logarithrnicam
1883 4126 1954 4208 LL
1981 4154 2056 4206 non
2098 4131 2144 4205 ad
2178 4125 2321 4207 alteram

933 4260 1077 4350 partem
1136 4246 1322 4343 pervenire
1353 4266 1430 4333 aa,
1469 4265 1536 4343 per
1578 4246 1859 4322 evanescentium
1892 4247 2135 4325 ordinatarum
2163 4236 2231 4340 «ὡς
2255 4249 2324 4323 hoc

937 4366 1035 4439 eninr
1066 4360 1107 4437 fit
1145 4362 1334 4466 postquam
1362 4352 1432 4437 LL
1463 4365 1621 4439 excurrit
1645 4367 1682 4439 in
1713 4364 1918 4454 infinitum,
1946 4364 2008 4441 ubi
2032 4369 2169 4465 quippe
2191 4365 2324 4441 evanes-

940 4484 990 4557 cit
1013 4506 1077 4567 ar,
1114 4483 1173 4555 seu
1207 4480 1372 4577 pertenit
1394 4478 1439 4554 ad
1466 4502 1520 4572 o,
1552 4478 1758 4575 hujusmodi
1786 4484 1916 4559 iterum
1939 4481 2051 4559 multa
2078 4479 2247 4578 exempla
2266 4482 2322 4559 ha·

935 4596 1077 4703 bemus,
1099 4594 1200 4671 sicuti
1228 4596 1394 4686 videmus
1411 4599 1455 4676 ‚in
1478 4592 1698 4688 Conchoide
1711 4592 1938 4692 Nicomedis,
1959 4603 2061 4697 cujus
2075 4595 2093 4704 (
2102 4588 2182 4699 Fig.
2204 4592 2322 4690 123.)
2475 4641 2477 4654 ι

939 4712 1017 4789 duae
1050 4710 1130 4783 sunt
1157 4727 1272 4805 partes
1308 4712 1484 4813 oppofitae
1510 4710 1626 4790 ABC
1651 4715 1689 4789 de
1713 4720 1805 4808 rrsa,
1829 4716 1933 4815 super
1963 4716 2096 4792 eodeur
2115 4737 2183 4792 axe
2205 4710 2319 4794 DEF

935 4828 975 4901 de
1001 4850 1045 4903 ex
1077 4824 1209 4899 eodem
1242 4826 1334 4927 polo
1364 4826 1633 4931 Odescriptae,
1660 4851 1740 4933 quae
1763 4844 1885 4908 tamen
1915 4854 1992 4907 non
2028 4836 2066 4909 in
2091 4833 2127 4914 se
2162 4834 2319 4910 invicem

937 4944 1157 5035 nauseant,
1192 4940 1257 5019 nisi
1299 4943 1383 5043 post
1412 4944 1667 5059 excursionem
1702 4950 1742 5026 iu
1781 4946 1974 5027 infinitum
2038 4948 2163 5050 Habes⁴
2200 4952 2321 5042 itaque

2203 5087 2320 5143 exem-
