5459 6684
912 767 935 844 8
1024 746 1558 836 COMMERCIUM
1613 739 2182 816 EPISYOLICUM

734 917 841 994 1709.
910 907 1076 991 tendens.
1137 901 1226 990 Hac-c
1252 917 1364 984 vcro,
1395 904 1438 972 ut
1459 913 1560 971 nunc
1595 891 1646 972 est
1666 950 1683 982 .,
1725 887 1893 992 procedit
1924 887 1960 964 in
1996 889 2150 987 persetle
2191 897 2288 981 doris

732 1001 834 1095 Asis·
913 1023 979 1128 [st
1008 1027 1090 1106 talia
1115 1017 1173 1098 vel
1212 1009 1313 1102 elle,
1345 1009 1405 1090 vel
1433 1011 1581 1112 concipi
1616 1006 1816 1110 possent3]
1852 1027 1928 1082 non
1960 1007 2081 1086 atinus
2105 1031 2214 1110 quam
2250 1021 2288 1092 in

913 1143 1088 1226 elnslicis,
1134 1129 1227 1210 adeo
1266 1141 1307 1208 ut
1345 1129 1417 1227 jatu
1454 1125 1567 1204 valeat
1599 1139 1729 1206 contra
1772 1123 2010 1225 quoscunque
2059 1125 2287 1208 adversarios.

913 1259 972 1342 Est
994 1257 1093 1331 enim
1118 1267 1227 1348 pura,
1251 1241 1343 1320 adeo
1369 1245 1406 1318 &
1431 1242 1604 1320 abstrusio.
1653 1237 1765 1327 Eam,
1791 1235 2160 1340 proutVotorcao
2188 1268 2291 1324 com·

914 1353 1119 1452 trrrrnicavi,¹
1145 1362 1268 1438 iisdem
1295 1360 1412 1434 verbis
1429 1359 1527 1435 -insra
1551 1359 1784 1434 transmittam
1802 1349 1888 1456 (4),
1910 1362 2087 1452 quoniam
2111 1357 2150 1434 id
2176 1366 2290 1468 petis;

917 1487 1081 1586 quamvis
1105 1481 1189 1555 alias
1215 1499 1260 1552 ex
1283 1473 1521 1554 Votuunr
1547 1475 1672 1550 litteris
1696 1473 1774 1550 satis
1793 1470 1994 1569 intelligere
2015 1477 2159 1571 poteris.
2191 1475 2294 1570 Que-

916 1599 1153 1682 madmodum
1185 1599 1305 1693 itaque
1329 1592 1517 1675 absurdum
1548 1592 1731 1692 sequitur,
1753 1587 1780 1666 li
1804 1588 1999 1669 statuantur
2026 1591 2101 1672 duo
2138 1616 2293 1692 corpora

917 1718 1064 1820 aequalia
1093 1716 1129 1790 &
1156 1735 1230 1790 non
1263 1709 1428 1795 elastica,
1457 1709 1611 1784 alterum
1643 1723 1807 1796 motum,
1844 1706 1995 1784 alterum
2020 1706 2230 1808 quiescens,
2254 1711 2294 1782 in

914 1838 951 1913 se
977 1833 1236 1934 impingentia,
1271 1827 1378 1901 ambo
1409 1825 1490 1921 poli
1508 1824 1628 1927 isium
1652 1827 1768 1901 versus
1803 1823 1943 1908 easdem
1978 1839 2094 1923 partes
2118 1825 2295 1924 Corporis

917 1955 1012 2030 moti
1032 1941 1278 2048 progressura,
1306 1941 1452 2018 dimidia
1477 1942 1668 2017 uelocitate
1684 1946 1759 2038 eius
1784 1941 1887 2042 quod
1912 1942 2066 2018 habebat
2083 1957 2165 2018 ante
2186 1945 2296 2020 idum

917 2089 1049 2166 corpus
1079 2075 1241 2156 motum5
1276 2057 1436 2136 ostendit
1466 2061 1564 2133 enim
1592 2056 1873 2144 Vocuanos
1903 2083 1948 2145 ex
1984 2085 2069 2140 nreo
2101 2053 2296 2138 ratiocinio

918 2184 1061 2282 Corpus
1086 2179 1174 2254 illud
1200 2177 1298 2280 posse
1334 2169 1417 2250 da're
1448 2192 1604 2275 quatuor
1638 2177 1856 2277 corporibus
1882 2173 1946 2251 srbi
1970 2179 2164 2278 aequalibus
2192 2202 2299 2278 quar·

919 2319 992 2378 tam
1013 2311 1152 2400 partem
1179 2295 1367 2370 celeritatis
1395 2292 1457 2386 [id
1488 2295 1588 2392 quod
1611 2296 1682 2389 jam
1703 2294 1842 2371 ficeret
1873 2298 2108 2392 quantitatem
2142 2301 2296 2398 motus]

914 2421 958 2498 ,dc
985 2431 1103 2490 tanren
1139 2411 1326 2494 dimidiam
1353 2408 1450 2487 suam
1471 2408 1690 2498 celeritatem
1716 2415 1887 2506 retinere;
1909 2411 1948 2486 id
1975 2414 2076 2512 qnod
2101 2393 2193 2510 ergo
2211 2416 2301 2516 piis.

921 2537 1034 2610 tinam
1053 2532 1286 2632 quantitatem
1313 2538 1434 2603 motus
1461 2542 1627 2623 augeret,
1661 2527 1771 2606 &stc
1798 2528 1983 2606 aestimatio
2005 2532 2135 2609 virium
2165 2535 2298 2612 exinde

797 2644 799 2650 ’
917 2653 1029 2750 petita
1065 2647 1259 2747 nequidem
1294 2643 1357 2720 fibi
1388 2643 1589 2731 constaret,
1618 2643 1759 2722 nedum
1784 2649 1927 2722 ueritati
1957 2649 2180 2744 consentiam
2207 2657 2299 2728 itae

921 2768 1101 2856 contrario
1127 2763 1152 2840 fi
1183 2765 1398 2851 statuantur,
1432 2749 1517 2860 [ut
1537 2786 1609 2842 nos
1642 2761 1823 2853 facimus]
1851 2763 1926 2836 duo
1957 2785 2116 2858 corpora
2145 2771 2299 2840 omnino

920 2884 1056 2960 classica
1081 2875 1337 2976 impingentis,
1364 2898 1479 2950 unum
1506 2891 1673 2958 motum,
1691 2875 1844 2964 alterurn
1866 2873 2068 2969 quiescens,
2093 2879 2201 2952 ambo
2218 2878 2302 2976 post

920 2999 1032 3072 iilum
1060 2990 1283 3086 progressura
1303 3012 1381 3060 non
1404 2987 1553 3058 dimidia
1580 2985 1790 3068 velocitate,
1816 2983 1876 3057 sed
1900 2984 2122 3075 velocitate,
2149 3013 2232 3087 iquae
2259 2987 2303 3064 sit

922 3107 1160 3207 imprimam,
1185 3115 1226 3177 ut
1244 3094 1309 3192 d}
1333 3099 1379 3174 ad
1406 3124 1446 3190 1,
1477 3123 1552 3197 quo
1582 3099 1787 3186 nimirum,
1816 3098 2011 3178 secundnm
2037 3124 2140 3192 nos,
2175 3106 2301 3180 eadem

922 3226 1099 3325 quantitas
1125 3221 1256 3307 ¹virium
1288 3219 1460 3307 servotum
1488 3231 1576 3299 tunc
1601 3241 1647 3292 ex
1676 3239 1765 3314 meo!
1788 3219 1980 3293 ratiocinio
2011 3217 2178 3318 sequetur
2210 3222 2301 3301 Cor·

924 3365 993 3440 pus
1018 3336 1117 3436 posse
1148 3335 1464 3436 movereseptem
1494 3333 1659 3434 Corpora
1691 3331 1755 3418 srbi
1778 3335 1954 3430 aequalia,
1986 3335 2126 3437 illisque
2155 3336 2300 3434 sagulis

920 3447 1011 3552 dare
1036 3455 1254 3544 celeritatem
1284 3453 1419 3552 quaese
1447 3451 1575 3540 habeat
1592 3451 1634 3526 ad
1655 3453 1807 3548 primam
1835 3451 2072 3539 celeritatem,
2094 3467 2134 3533 ut
2162 3447 2199 3542 tl
2211 3454 2232 3540 ἕ
2255 3454 2301 3529 ad

927 3601 973 3667 a,
998 3575 1034 3650 dc
1062 3583 1253 3672 praterea,
1279 3571 1360 3668 poll
1384 3570 1521 3668 septem
1543 3567 1804 3668 impulsiones,
1836 3567 2010 3666 &ipsum
2044 3575 2194 3645 retinere
2217 3595 2302 3644 ean·
2429 3581 2438 3588 “

927 3695 1009 3764 dem
1045 3685 1143 3760 illam
1176 3688 1392 3777 celeritatem
1422 3710 1532 3786 quam
1563 3686 1639 3759 aliis
1662 3685 1874 3783 corporibus
1900 3685 1998 3758 dedit
2008 3716 2020 3772 3
2040 3686 2078 3759 id
2099 3687 2200 3784 quod
2223 3687 2304 3783 pul·

921 3804 1011 3888 ,chre
1037 3801 1215 3876 consentit
1234 3825 1317 3877 cum
1343 3827 1424 3878 vera
1449 3803 1679 3879 estimatione
1706 3805 1862 3892 virium3
1892 3800 1928 3878 id
1956 3805 2054 3876 eninr
2081 3805 2223 3878 euenire
2241 3801 2304 3877 de-

926 3923 1027 4014 buit3
1054 3919 1090 3994 &
1124 3915 1171 3994 fic
1195 3915 1332 4016 Regula
1359 3921 1474 3994 nostra
1500 3919 1676 4016 generalis
1700 3919 1783 4005 est,
1821 3919 1857 3992 dc
1894 3917 2042 3994 mirifice
2074 3916 2139 3994 stbi
2167 3919 2305 3996 constat

891 4129 894 4138 ,
925 4042 963 4125 ip
990 4037 1159 4128 omnibus
1183 4033 1316 4112 casibus
1342 4037 1564 4134 specialibus,

986 4155 1093 4248 Redis
1114 4155 1163 4242 ,ad
1192 4169 1345 4242 veterem
1386 4154 1647 4252 quaestionem,
1681 4152 1827 4256 quando
1857 4152 1983 4236 dicis,
2017 4156 2232 4250 contingere
2265 4163 2306 4226 nt

928 4273 1103 4373 possibilia
1132 4296 1207 4346 non
1239 4268 1343 4360 finiit:
1362 4271 1406 4344 ad
1430 4271 1465 4344 id
1489 4293 1574 4344 vero
1601 4273 1674 4366 jam
1700 4269 1889 4366 respondi,
1917 4264 1954 4339 id
1980 4270 2151 4346 nintirum
2182 4292 2305 4345 verum

930 4393 1082 4482 ommno
1113 4386 1180 4460 elle
1220 4412 1239 4461 a
1269 4403 1365 4482 parte
1400 4385 1501 4476 Dei3
1529 4389 1710 4482 nanterus
1736 4385 1893 4483 respesiu
1928 4382 2026 4460 nulla
2056 4386 2136 4462 sunt
2165 4388 2307 4467 tontin-

932 4506 1082 4610 gentia,
1106 4500 1162 4573 seu
1191 4500 1289 4583 talia,
1312 4525 1390 4600 qrrae
1412 4515 1512 4575 extra
1538 4502 1767 4575 decretorum
1790 4502 1957 4574 ordinem
1980 4495 2086 4594 fiant3
2122 4526 2190 4579 nec
2208 4502 2309 4580 aliter

934 4619 1087 4708 alpritto
1116 4614 1388 4712 vulganlimum
1413 4616 1525 4703 illud,
1547 4641 1572 4689 rr
1584 4603 1676 4720 posse
1700 4613 1752 4687 ad
1764 4603 1829 4719 effe
1850 4638 1917 4692 non
1930 4607 2305 4721 valer-cmftqaeatia,

1665 4721 1669 4727 ¹
2147 4737 2307 4836 quamvis

991 4874 1051 4972 (q)
1075 4883 1176 4966 llaec,
1202 4889 1239 4944 ut
1259 4879 1392 4966 opinor,
1407 4873 1457 4956 illa
1481 4875 1518 4964 est
1538 4898 1604 4966 qua
1633 4869 1771 4945 babetur.
1799 4873 1892 4967 Opp.
1924 4875 2023 4950 Tom.
2039 4879 2066 4950 1.
2097 4881 2157 4957 N'.
2182 4873 2309 4945 LVII.

911 5002 1003 5072 rus
1029 4991 1109 5064 321·

2040 5109 2065 5144 a·
