<?xml version="1.0" encoding="UTF-8"?>
<!DOCTYPE html PUBLIC "-//W3C//DTD XHTML 1.0 Transitional//EN"
    "http://www.w3.org/TR/xhtml1/DTD/xhtml1-transitional.dtd">
<html xmlns="http://www.w3.org/1999/xhtml" xml:lang="en" lang="en">
 <head>
  <title>
</title>
<meta http-equiv="Content-Type" content="text/html;charset=utf-8" />
  <meta name='ocr-system' content='tesseract 3.04.00' />
  <meta name='ocr-capabilities' content='ocr_page ocr_carea ocr_par ocr_line ocrx_word'/>
</head>
<body>
  <div class='ocr_page' id='page_1' title='image "./virorumceleberr00berngoog_0162.png"; bbox 0 0 5459 6684; ppageno 0'>
   <div class='ocr_carea' id='block_1_1' title="bbox 987 750 2212 887">
    <p class='ocr_par' dir='ltr' id='par_1_1' title="bbox 987 750 2212 887">
     <span class='ocr_line' id='line_1_1' title="bbox 987 750 2212 887; baseline -0.012 -12"><span class='ocrx_word' id='word_1_1' title='bbox 987 750 992 757; x_wconf 37' lang='lat'>¹</span> <span class='ocrx_word' id='word_1_2' title='bbox 1041 813 1112 887; x_wconf 84' lang='lat'>150</span> <span class='ocrx_word' id='word_1_3' title='bbox 1300 789 1727 875; x_wconf 59' lang='lat' dir='ltr'>commarcarum</span> <span class='ocrx_word' id='word_1_4' title='bbox 1778 788 2212 861; x_wconf 81' lang='lat' dir='ltr'>arrarorrcurr.</span> 
     </span>
    </p>
   </div>
   <div class='ocr_carea' id='block_1_2' title="bbox 854 922 2434 5121">
    <p class='ocr_par' dir='ltr' id='par_1_2' title="bbox 854 922 2434 5121">
     <span class='ocr_line' id='line_1_2' title="bbox 854 922 2434 1037; baseline -0.004 -33"><span class='ocrx_word' id='word_1_5' title='bbox 854 960 971 1037; x_wconf 71' lang='lat'><strong>&#39;‘1706·</strong></span> <span class='ocrx_word' id='word_1_6' title='bbox 1038 952 1104 1032; x_wconf 90' lang='lat' dir='ltr'>per</span> <span class='ocrx_word' id='word_1_7' title='bbox 1133 926 1405 1009; x_wconf 66' lang='lat' dir='ltr'>GFzGH,</span> <span class='ocrx_word' id='word_1_8' title='bbox 1449 924 1571 1035; x_wconf 87' lang='lat' dir='ltr'>ltaque</span> <span class='ocrx_word' id='word_1_9' title='bbox 1601 925 1718 1035; x_wconf 90' lang='lat' dir='ltr'>sipro</span> <span class='ocrx_word' id='word_1_10' title='bbox 1743 922 1828 1002; x_wconf 86' lang='lat' dir='ltr'>GH</span> <span class='ocrx_word' id='word_1_11' title='bbox 1863 946 1980 1031; x_wconf 83' lang='lat' dir='ltr'>ponar</span> <span class='ocrx_word' id='word_1_12' title='bbox 2003 923 2080 1009; x_wconf 88' lang='lat' dir='ltr'>GF</span> <span class='ocrx_word' id='word_1_13' title='bbox 2112 927 2226 1007; x_wconf 82' lang='lat' dir='ltr'>ambae</span> <span class='ocrx_word' id='word_1_14' title='bbox 2254 930 2434 1030; x_wconf 65' lang='lat' dir='ltr'>aquaria·</span> 
     </span>
     <span class='ocr_line' id='line_1_3' title="bbox 860 1048 1350 1141; baseline 0.006 -23"><span class='ocrx_word' id='word_1_15' title='bbox 860 1048 966 1141; x_wconf 76' lang='lat' dir='ltr'>april</span> <span class='ocrx_word' id='word_1_16' title='bbox 1037 1071 1101 1126; x_wconf 83' lang='lat' dir='ltr'>nea</span> <span class='ocrx_word' id='word_1_17' title='bbox 1132 1048 1350 1126; x_wconf 84' lang='lat' dir='ltr'>coincident.</span> 
     </span>
     <span class='ocr_line' id='line_1_4' title="bbox 1097 1156 2431 1267; baseline 0.004 -28"><span class='ocrx_word' id='word_1_18' title='bbox 1097 1162 1214 1259; x_wconf 87' lang='lat' dir='ltr'>Quod</span> <span class='ocrx_word' id='word_1_19' title='bbox 1234 1161 1420 1249; x_wconf 80' lang='lat' dir='ltr'>transitum</span> <span class='ocrx_word' id='word_1_20' title='bbox 1436 1158 1609 1262; x_wconf 80' lang='lat' dir='ltr'>Ellipseos</span> <span class='ocrx_word' id='word_1_21' title='bbox 1636 1162 1676 1237; x_wconf 89' lang='lat' dir='ltr'>in</span> <span class='ocrx_word' id='word_1_22' title='bbox 1700 1156 1890 1237; x_wconf 88' lang='lat' dir='ltr'>Circulum</span> <span class='ocrx_word' id='word_1_23' title='bbox 1913 1162 2069 1261; x_wconf 83' lang='lat' dir='ltr'>attinet,</span> <span class='ocrx_word' id='word_1_24' title='bbox 2084 1160 2177 1243; x_wconf 86' lang='lat' dir='ltr'>bene</span> <span class='ocrx_word' id='word_1_25' title='bbox 2201 1162 2311 1241; x_wconf 90' lang='lat' dir='ltr'>habet</span> <span class='ocrx_word' id='word_1_26' title='bbox 2326 1166 2431 1267; x_wconf 88' lang='lat' dir='ltr'>quod</span> 
     </span>
     <span class='ocr_line' id='line_1_5' title="bbox 896 1268 2428 1382; baseline 0.002 -22"><span class='ocrx_word' id='word_1_27' title='bbox 896 1300 899 1305; x_wconf 85' lang='grc'><em>·</em></span> <span class='ocrx_word' id='word_1_28' title='bbox 1038 1307 1095 1360; x_wconf 88' lang='lat' dir='ltr'>res</span> <span class='ocrx_word' id='word_1_29' title='bbox 1118 1281 1300 1368; x_wconf 83' lang='lat' dir='ltr'>succedit,</span> <span class='ocrx_word' id='word_1_30' title='bbox 1332 1304 1400 1359; x_wconf 86' lang='lat' dir='ltr'>uec</span> <span class='ocrx_word' id='word_1_31' title='bbox 1429 1279 1546 1355; x_wconf 91' lang='lat' dir='ltr'>redire</span> <span class='ocrx_word' id='word_1_32' title='bbox 1574 1290 1724 1379; x_wconf 86' lang='lat' dir='ltr'>oportet</span> <span class='ocrx_word' id='word_1_33' title='bbox 1748 1276 1900 1356; x_wconf 89' lang='lat' dir='ltr'>eandem</span> <span class='ocrx_word' id='word_1_34' title='bbox 1937 1302 2092 1357; x_wconf 79' lang='lat' dir='ltr'>curram.</span> <span class='ocrx_word' id='word_1_35' title='bbox 2149 1268 2428 1382; x_wconf 81' lang='lat' dir='ltr'>ltaque&#39;sartem</span> 
     </span>
     <span class='ocr_line' id='line_1_6' title="bbox 1038 1394 2426 1497; baseline 0.002 -22"><span class='ocrx_word' id='word_1_36' title='bbox 1038 1400 1114 1477; x_wconf 85' lang='lat' dir='ltr'>huc</span> <span class='ocrx_word' id='word_1_37' title='bbox 1138 1397 1275 1485; x_wconf 87' lang='lat' dir='ltr'>modo,</span> <span class='ocrx_word' id='word_1_38' title='bbox 1295 1421 1374 1497; x_wconf 87' lang='lat' dir='ltr'>ope</span> <span class='ocrx_word' id='word_1_39' title='bbox 1397 1396 1554 1484; x_wconf 74' lang='lat' dir='ltr'>Circuli,</span> <span class='ocrx_word' id='word_1_40' title='bbox 1583 1398 1697 1473; x_wconf 82' lang='lat' dir='ltr'>cuivis</span> <span class='ocrx_word' id='word_1_41' title='bbox 1726 1394 1830 1471; x_wconf 75' lang='lat' dir='ltr'>linere</span> <span class='ocrx_word' id='word_1_42' title='bbox 1852 1398 1894 1473; x_wconf 88' lang='lat' dir='ltr'>in</span> <span class='ocrx_word' id='word_1_43' title='bbox 1921 1394 1956 1471; x_wconf 84' lang='lat' dir='ltr'>se</span> <span class='ocrx_word' id='word_1_44' title='bbox 1978 1396 2147 1477; x_wconf 70' lang='lat' dir='ltr'>,redeunti</span> <span class='ocrx_word' id='word_1_45' title='bbox 2169 1400 2276 1481; x_wconf 85' lang='lat' dir='ltr'>aliam</span> <span class='ocrx_word' id='word_1_46' title='bbox 2294 1400 2426 1481; x_wconf 83' lang='lat' dir='ltr'>lineam</span> 
     </span>
     <span class='ocr_line' id='line_1_7' title="bbox 857 1506 2425 1623; baseline -0.004 -24"><span class='ocrx_word' id='word_1_47' title='bbox 857 1524 1028 1611; x_wconf 61' lang='lat' dir='ltr'>&#39;arnum</span> <span class='ocrx_word' id='word_1_48' title='bbox 1041 1512 1427 1623; x_wconf 71' lang='lat' dir='ltr'>aequalemcommodp</span> <span class='ocrx_word' id='word_1_49' title='bbox 1445 1512 1621 1589; x_wconf 86' lang='lat' dir='ltr'>exhibere</span> <span class='ocrx_word' id='word_1_50' title='bbox 1645 1510 1855 1612; x_wconf 86' lang='lat' dir='ltr'>possumus,</span> <span class='ocrx_word' id='word_1_51' title='bbox 1886 1514 1978 1589; x_wconf 83' lang='lat' dir='ltr'>sotis</span> <span class='ocrx_word' id='word_1_52' title='bbox 2003 1506 2112 1617; x_wconf 78' lang='lat' dir='ltr'>(Fig.</span> <span class='ocrx_word' id='word_1_53' title='bbox 2141 1510 2266 1615; x_wconf 84' lang='lat'><em>103.)</em></span> <span class='ocrx_word' id='word_1_54' title='bbox 2292 1512 2425 1595; x_wconf 86' lang='lat' dir='ltr'>B&amp;ll</span> 
     </span>
     <span class='ocr_line' id='line_1_8' title="bbox 1039 1627 2423 1739; baseline -0.001 -26"><span class='ocrx_word' id='word_1_55' title='bbox 1039 1633 1256 1718; x_wconf 74' lang='lat' dir='ltr'><strong>coeuntibus</strong></span> <span class='ocrx_word' id='word_1_56' title='bbox 1277 1634 1317 1709; x_wconf 91' lang='lat' dir='ltr'>in</span> <span class='ocrx_word' id='word_1_57' title='bbox 1337 1630 1384 1711; x_wconf 74' lang='lat' dir='ltr'>C,</span> <span class='ocrx_word' id='word_1_58' title='bbox 1417 1628 1556 1707; x_wconf 90' lang='lat' dir='ltr'>Totum</span> <span class='ocrx_word' id='word_1_59' title='bbox 1577 1632 1774 1727; x_wconf 80' lang='lat' dir='ltr'>negotium</span> <span class='ocrx_word' id='word_1_60' title='bbox 1801 1627 1848 1713; x_wconf 85' lang='lat' dir='ltr'>de</span> <span class='ocrx_word' id='word_1_61' title='bbox 1866 1644 1981 1719; x_wconf 74' lang='lat' dir='ltr'>motu</span> <span class='ocrx_word' id='word_1_62' title='bbox 2000 1646 2153 1739; x_wconf 87' lang='lat' dir='ltr'>repente</span> <span class='ocrx_word' id='word_1_63' title='bbox 2175 1646 2241 1719; x_wconf 80' lang='lat' dir='ltr'>aut</span> <span class='ocrx_word' id='word_1_64' title='bbox 2257 1632 2423 1723; x_wconf 81' lang='lat' dir='ltr'>radente,</span> 
     </span>
     <span class='ocr_line' id='line_1_9' title="bbox 1035 1748 1707 1831; baseline -0.007 0"><span class='ocrx_word' id='word_1_65' title='bbox 1035 1750 1122 1831; x_wconf 92' lang='lat' dir='ltr'>Tuo</span> <span class='ocrx_word' id='word_1_66' title='bbox 1145 1762 1285 1828; x_wconf 86' lang='lat' dir='ltr'>attento</span> <span class='ocrx_word' id='word_1_67' title='bbox 1315 1748 1474 1825; x_wconf 79' lang='lat' dir='ltr'>examini</span> <span class='ocrx_word' id='word_1_68' title='bbox 1503 1749 1707 1827; x_wconf 79' lang='lat' dir='ltr'>committo,</span> 
     </span>
     <span class='ocr_line' id='line_1_10' title="bbox 1097 1862 2423 1975; baseline 0.004 -29"><span class='ocrx_word' id='word_1_69' title='bbox 1097 1866 1228 1946; x_wconf 81' lang='lat' dir='ltr'>Dnun</span> <span class='ocrx_word' id='word_1_70' title='bbox 1262 1862 1366 1942; x_wconf 74' lang='lat' dir='ltr'>Vna</span> <span class='ocrx_word' id='word_1_71' title='bbox 1381 1890 1394 1946; x_wconf 84' lang='lat' dir='ltr'>r</span> <span class='ocrx_word' id='word_1_72' title='bbox 1409 1887 1656 1949; x_wconf 78' lang='lat' dir='ltr'>ouoarrurr</span> <span class='ocrx_word' id='word_1_73' title='bbox 1687 1862 1891 1973; x_wconf 79' lang='lat' dir='ltr'>periculose</span> <span class='ocrx_word' id='word_1_74' title='bbox 1916 1866 2121 1945; x_wconf 88' lang='lat' dir='ltr'>decubuisse</span> <span class='ocrx_word' id='word_1_75' title='bbox 2156 1866 2249 1949; x_wconf 76' lang='lat' dir='ltr'>mai</span> <span class='ocrx_word' id='word_1_76' title='bbox 2273 1862 2423 1975; x_wconf 76' lang='lat' dir='ltr'>Parfir&#39;r</span> 
     </span>
     <span class='ocr_line' id='line_1_11' title="bbox 933 1980 2422 2097; baseline 0.002 -37"><span class='ocrx_word' id='word_1_77' title='bbox 933 2054 948 2063; x_wconf 84' lang='lat'>..</span> <span class='ocrx_word' id='word_1_78' title='bbox 1036 1985 1223 2078; x_wconf 84' lang='lat' dir='ltr'>scribitur3</span> <span class='ocrx_word' id='word_1_79' title='bbox 1254 2006 1353 2070; x_wconf 86' lang='lat' dir='ltr'>nunc</span> <span class='ocrx_word' id='word_1_80' title='bbox 1395 1980 1571 2097; x_wconf 86' lang='lat' dir='ltr'>paulatim</span> <span class='ocrx_word' id='word_1_81' title='bbox 1599 1983 1858 2060; x_wconf 79' lang='lat' dir='ltr'>convalescere.</span> <span class='ocrx_word' id='word_1_82' title='bbox 1919 1982 2039 2061; x_wconf 87' lang='lat' dir='ltr'>Literr&#39;r</span> <span class='ocrx_word' id='word_1_83' title='bbox 2066 2008 2153 2063; x_wconf 82' lang='lat' dir='ltr'>uero</span> <span class='ocrx_word' id='word_1_84' title='bbox 2183 1986 2278 2063; x_wconf 84' lang='lat' dir='ltr'>inter</span> <span class='ocrx_word' id='word_1_85' title='bbox 2305 1986 2422 2064; x_wconf 78' lang='lat' dir='ltr'>Sau-</span> 
     </span>
     <span class='ocr_line' id='line_1_12' title="bbox 972 2098 2421 2206; baseline -0.006 -26"><span class='ocrx_word' id='word_1_86' title='bbox 972 2101 977 2110; x_wconf 86' lang='lat'>&#39;</span> <span class='ocrx_word' id='word_1_87' title='bbox 1043 2123 1209 2181; x_wconf 77' lang='lat' dir='ltr'>aruum</span> <span class='ocrx_word' id='word_1_88' title='bbox 1242 2104 1279 2178; x_wconf 80' lang='lat' dir='ltr'>dt</span> <span class='ocrx_word' id='word_1_89' title='bbox 1307 2098 1553 2178; x_wconf 80' lang='lat' dir='ltr'>Rorcruru</span> <span class='ocrx_word' id='word_1_90' title='bbox 1579 2098 1736 2179; x_wconf 81' lang='lat' dir='ltr'>decisam</span> <span class='ocrx_word' id='word_1_91' title='bbox 1765 2102 1868 2183; x_wconf 85' lang='lat' dir='ltr'>alunt</span> <span class='ocrx_word' id='word_1_92' title='bbox 1888 2103 2187 2202; x_wconf 58' lang='lat' dir='ltr'>‘utcunquased</span> <span class='ocrx_word' id='word_1_93' title='bbox 2213 2106 2280 2191; x_wconf 87' lang='lat' dir='ltr'>ita,</span> <span class='ocrx_word' id='word_1_94' title='bbox 2313 2116 2421 2206; x_wconf 76' lang='lat' dir='ltr'>quan.</span> 
     </span>
     <span class='ocr_line' id='line_1_13' title="bbox 1041 2213 2418 2317; baseline 0.001 -19"><span class='ocrx_word' id='word_1_95' title='bbox 1041 2236 1122 2299; x_wconf 88' lang='lat' dir='ltr'>tum</span> <span class='ocrx_word' id='word_1_96' title='bbox 1144 2244 1190 2298; x_wconf 84' lang='lat' dir='ltr'>ex</span> <span class='ocrx_word' id='word_1_97' title='bbox 1213 2222 1255 2298; x_wconf 85' lang='lat' dir='ltr'>iis</span> <span class='ocrx_word' id='word_1_98' title='bbox 1281 2240 1361 2317; x_wconf 86' lang='lat' dir='ltr'>quac</span> <span class='ocrx_word' id='word_1_99' title='bbox 1384 2213 1556 2293; x_wconf 78' lang='lat' dir='ltr'>Buuun</span> <span class='ocrx_word' id='word_1_100' title='bbox 1573 2242 1595 2293; x_wconf 85' lang='lat' dir='ltr'>u</span> <span class='ocrx_word' id='word_1_101' title='bbox 1610 2240 1636 2295; x_wconf 87' lang='lat' dir='ltr'>u</span> <span class='ocrx_word' id='word_1_102' title='bbox 1653 2238 1711 2294; x_wconf 79' lang='lat' dir='ltr'>uu</span> <span class='ocrx_word' id='word_1_103' title='bbox 1740 2216 1927 2295; x_wconf 81' lang='lat' dir='ltr'>menstruis</span> <span class='ocrx_word' id='word_1_104' title='bbox 1955 2218 2025 2294; x_wconf 87' lang='lat' dir='ltr'>suis</span> <span class='ocrx_word' id='word_1_105' title='bbox 2053 2220 2230 2298; x_wconf 85' lang='lat' dir='ltr'>litterariis</span> <span class='ocrx_word' id='word_1_106' title='bbox 2255 2220 2418 2313; x_wconf 89' lang='lat' dir='ltr'>inseruit,</span> 
     </span>
     <span class='ocr_line' id='line_1_14' title="bbox 1041 2332 2417 2437; baseline 0.003 -24"><span class='ocrx_word' id='word_1_107' title='bbox 1041 2351 1210 2437; x_wconf 87' lang='lat' dir='ltr'>apparet,</span> <span class='ocrx_word' id='word_1_108' title='bbox 1234 2351 1276 2411; x_wconf 93' lang='lat' dir='ltr'>ut</span> <span class='ocrx_word' id='word_1_109' title='bbox 1300 2336 1397 2420; x_wconf 84' lang='lat' dir='ltr'>circa</span> <span class='ocrx_word' id='word_1_110' title='bbox 1420 2332 1595 2419; x_wconf 76' lang='lat' dir='ltr'>suminam</span> <span class='ocrx_word' id='word_1_111' title='bbox 1630 2335 1682 2421; x_wconf 82' lang='lat' dir='ltr'>&#39;rei</span> <span class='ocrx_word' id='word_1_112' title='bbox 1709 2334 1800 2417; x_wconf 82' lang='lat' dir='ltr'>nihil</span> <span class='ocrx_word' id='word_1_113' title='bbox 1833 2334 1948 2413; x_wconf 80' lang='lat' dir='ltr'>aslum</span> <span class='ocrx_word' id='word_1_114' title='bbox 1981 2334 2152 2419; x_wconf 66' lang='lat' dir='ltr'>videatur,</span> <span class='ocrx_word' id='word_1_115' title='bbox 2210 2335 2417 2418; x_wconf 71' lang='lat' dir='ltr'>Brauon·</span> 
     </span>
     <span class='ocr_line' id='line_1_15' title="bbox 1041 2442 2417 2561; baseline 0.006 -34"><span class='ocrx_word' id='word_1_116' title='bbox 1041 2472 1139 2529; x_wconf 84' lang='lat' dir='ltr'>uus</span> <span class='ocrx_word' id='word_1_117' title='bbox 1171 2452 1268 2527; x_wconf 85' lang='lat' dir='ltr'>euim</span> <span class='ocrx_word' id='word_1_118' title='bbox 1295 2446 1373 2526; x_wconf 79' lang='lat' dir='ltr'>lraec</span> <span class='ocrx_word' id='word_1_119' title='bbox 1397 2463 1569 2550; x_wconf 88' lang='lat' dir='ltr'>tanquam</span> <span class='ocrx_word' id='word_1_120' title='bbox 1596 2442 1755 2554; x_wconf 72' lang='lat' dir='ltr'>Parfiis</span> <span class='ocrx_word' id='word_1_121' title='bbox 1781 2450 1907 2549; x_wconf 90' lang='lat' dir='ltr'>scripta</span> <span class='ocrx_word' id='word_1_122' title='bbox 1927 2452 2060 2531; x_wconf 83' lang='lat' dir='ltr'>refert:</span> <span class='ocrx_word' id='word_1_123' title='bbox 2093 2445 2293 2561; x_wconf 75' lang='lat' dir='ltr'>Morfieur</span> <span class='ocrx_word' id='word_1_124' title='bbox 2310 2457 2417 2535; x_wconf 80' lang='lat' dir='ltr'>Sau-</span> 
     </span>
     <span class='ocr_line' id='line_1_16' title="bbox 1044 2558 2415 2677; baseline 0.007 -35"><span class='ocrx_word' id='word_1_125' title='bbox 1044 2591 1176 2643; x_wconf 83' lang='lat' dir='ltr'>arua</span> <span class='ocrx_word' id='word_1_126' title='bbox 1209 2559 1265 2645; x_wconf 84' lang='lat' dir='ltr'>e‘re&#39;</span> <span class='ocrx_word' id='word_1_127' title='bbox 1289 2560 1447 2677; x_wconf 83' lang='lat' dir='ltr'>renooye&#39;</span> <span class='ocrx_word' id='word_1_128' title='bbox 1468 2558 1493 2645; x_wconf 74' lang='grc' dir='ltr'><em>ἆ</em></span> <span class='ocrx_word' id='word_1_129' title='bbox 1513 2560 1581 2673; x_wconf 74' lang='lat' dir='ltr'>sorr</span> <span class='ocrx_word' id='word_1_130' title='bbox 1610 2564 1676 2643; x_wconf 86' lang='lat' dir='ltr'>bort</span> <span class='ocrx_word' id='word_1_131' title='bbox 1702 2590 1826 2664; x_wconf 79' lang='lat' dir='ltr'>cour,</span> <span class='ocrx_word' id='word_1_132' title='bbox 1856 2560 1908 2667; x_wconf 63' lang='lat' dir='ltr'>b·</span> <span class='ocrx_word' id='word_1_133' title='bbox 1941 2560 2141 2677; x_wconf 77' lang='lat' dir='ltr'>Mrnfieur</span> <span class='ocrx_word' id='word_1_134' title='bbox 2164 2570 2330 2659; x_wconf 79' lang='lat' dir='ltr'>Rorru</span> <span class='ocrx_word' id='word_1_135' title='bbox 2358 2570 2415 2661; x_wconf 72' lang='lat' dir='ltr'>ars</span> 
     </span>
     <span class='ocr_line' id='line_1_17' title="bbox 861 2674 2413 2799; baseline 0.01 -39"><span class='ocrx_word' id='word_1_136' title='bbox 861 2721 864 2730; x_wconf 93' lang='lat'>·</span> <span class='ocrx_word' id='word_1_137' title='bbox 923 2678 932 2688; x_wconf 72' lang='grc'><strong>“</strong></span> <span class='ocrx_word' id='word_1_138' title='bbox 1036 2674 1184 2789; x_wconf 70' lang='lat' dir='ltr'>moneste&#39;</span> <span class='ocrx_word' id='word_1_139' title='bbox 1207 2682 1250 2787; x_wconf 78' lang='lat' dir='ltr'>de</span> <span class='ocrx_word' id='word_1_140' title='bbox 1272 2680 1351 2761; x_wconf 81' lang='lat' dir='ltr'>dire</span> <span class='ocrx_word' id='word_1_141' title='bbox 1379 2683 1427 2759; x_wconf 83' lang='lat' dir='ltr'>le&#39;s</span> <span class='ocrx_word' id='word_1_142' title='bbox 1458 2676 1572 2799; x_wconf 77' lang='lat' dir='ltr'>choses</span> <span class='ocrx_word' id='word_1_143' title='bbox 1607 2708 1701 2764; x_wconf 79' lang='lat' dir='ltr'>avec</span> <span class='ocrx_word' id='word_1_144' title='bbox 1715 2678 1960 2794; x_wconf 81' lang='lat' dir='ltr'>me‘nagemrnt</span> <span class='ocrx_word' id='word_1_145' title='bbox 1985 2682 2069 2793; x_wconf 84' lang='lat'>(1).</span> <span class='ocrx_word' id='word_1_146' title='bbox 2110 2686 2204 2784; x_wconf 72' lang='lat' dir='ltr'>Qua</span> <span class='ocrx_word' id='word_1_147' title='bbox 2217 2692 2346 2769; x_wconf 85' lang='lat' dir='ltr'>sateor</span> <span class='ocrx_word' id='word_1_148' title='bbox 2367 2718 2413 2777; x_wconf 84' lang='lat' dir='ltr'>mr</span> 
     </span>
     <span class='ocr_line' id='line_1_18' title="bbox 1040 2798 2411 2907; baseline 0.007 -29"><span class='ocrx_word' id='word_1_149' title='bbox 1040 2816 1118 2884; x_wconf 87' lang='lat' dir='ltr'>non</span> <span class='ocrx_word' id='word_1_150' title='bbox 1162 2800 1240 2883; x_wconf 85' lang='lat' dir='ltr'>satia</span> <span class='ocrx_word' id='word_1_151' title='bbox 1282 2798 1498 2901; x_wconf 85' lang='lat' dir='ltr'>intelligere.</span> <span class='ocrx_word' id='word_1_152' title='bbox 1557 2798 1742 2887; x_wconf 83' lang='lat' dir='ltr'>Abbatem</span> <span class='ocrx_word' id='word_1_153' title='bbox 1785 2800 2085 2887; x_wconf 75' lang='lat' dir='ltr'>Gnaeosrum</span> <span class='ocrx_word' id='word_1_154' title='bbox 2117 2831 2186 2907; x_wconf 90' lang='lat' dir='ltr'>pro</span> <span class='ocrx_word' id='word_1_155' title='bbox 2218 2807 2411 2891; x_wconf 81' lang='lat' dir='ltr'>Roaaro</span> 
     </span>
     <span class='ocr_line' id='line_1_19' title="bbox 1040 2916 2410 3022; baseline 0.002 -24"><span class='ocrx_word' id='word_1_156' title='bbox 1040 2921 1145 2998; x_wconf 89' lang='lat' dir='ltr'>omni</span> <span class='ocrx_word' id='word_1_157' title='bbox 1173 2930 1308 2997; x_wconf 86' lang='lat' dir='ltr'>conatu</span> <span class='ocrx_word' id='word_1_158' title='bbox 1334 2916 1594 3019; x_wconf 82' lang='lat' dir='ltr'>egilseaiunt‚</span> <span class='ocrx_word' id='word_1_159' title='bbox 1626 2924 1664 3001; x_wconf 73' lang='lat' dir='ltr'>dc</span> <span class='ocrx_word' id='word_1_160' title='bbox 1688 2918 1715 2996; x_wconf 86' lang='lat' dir='ltr'>S</span> <span class='ocrx_word' id='word_1_161' title='bbox 1725 2944 1987 3011; x_wconf 73' lang='lat' dir='ltr'>ruuruuru,</span> <span class='ocrx_word' id='word_1_162' title='bbox 2017 2924 2117 3022; x_wconf 86' lang='lat' dir='ltr'>quod</span> <span class='ocrx_word' id='word_1_163' title='bbox 2145 2926 2330 3021; x_wconf 80' lang='lat' dir='ltr'>pendente</span> <span class='ocrx_word' id='word_1_164' title='bbox 2359 2928 2410 3004; x_wconf 81' lang='lat' dir='ltr'>lita</span> 
     </span>
     <span class='ocr_line' id='line_1_20' title="bbox 1034 3026 2416 3141; baseline 0.002 -29"><span class='ocrx_word' id='word_1_165' title='bbox 1034 3034 1161 3118; x_wconf 73' lang='lat' dir='ltr'>‘nescio</span> <span class='ocrx_word' id='word_1_166' title='bbox 1188 3033 1278 3133; x_wconf 89' lang='lat' dir='ltr'>quid</span> <span class='ocrx_word' id='word_1_167' title='bbox 1305 3026 1465 3140; x_wconf 77' lang='lat' dir='ltr'>ir&#39;nprinri</span> <span class='ocrx_word' id='word_1_168' title='bbox 1494 3037 1666 3127; x_wconf 78' lang='lat' dir='ltr'>curasset,</span> <span class='ocrx_word' id='word_1_169' title='bbox 1695 3038 1986 3141; x_wconf 83' lang='lat' dir='ltr'>indignationem</span> <span class='ocrx_word' id='word_1_170' title='bbox 2011 3034 2261 3112; x_wconf 82' lang='lat' dir='ltr'>Brouourr</span> <span class='ocrx_word' id='word_1_171' title='bbox 2288 3043 2329 3109; x_wconf 76' lang='lat' dir='ltr'>dc</span> <span class='ocrx_word' id='word_1_172' title='bbox 2351 3066 2416 3135; x_wconf 83' lang='lat' dir='ltr'>pe·</span> 
     </span>
     <span class='ocr_line' id='line_1_21' title="bbox 1038 3148 2421 3255; baseline -0.002 -28"><span class='ocrx_word' id='word_1_173' title='bbox 1038 3150 1194 3241; x_wconf 80' lang='lat' dir='ltr'>ticulum</span> <span class='ocrx_word' id='word_1_174' title='bbox 1208 3148 1392 3253; x_wconf 76' lang='lat' dir='ltr'>pensionis</span> <span class='ocrx_word' id='word_1_175' title='bbox 1406 3154 1599 3235; x_wconf 75' lang='lat' dir='ltr'>incurrisse.</span> <span class='ocrx_word' id='word_1_176' title='bbox 1617 3154 1739 3255; x_wconf 87' lang='lat' dir='ltr'>ipsum</span> <span class='ocrx_word' id='word_1_177' title='bbox 1755 3153 2098 3239; x_wconf 70' lang='lat' dir='ltr'>Gaianarum&amp;</span> <span class='ocrx_word' id='word_1_178' title='bbox 2119 3148 2386 3229; x_wconf 74' lang='lat' dir='ltr'>calliarum</span> <span class='ocrx_word' id='word_1_179' title='bbox 2405 3200 2421 3245; x_wconf 83' lang='lat'>‚</span> 
     </span>
     <span class='ocr_line' id='line_1_22' title="bbox 1039 3263 2417 3379; baseline -0.003 -36"><span class='ocrx_word' id='word_1_180' title='bbox 1039 3266 1252 3368; x_wconf 84' lang='lat' dir='ltr'>indulgente</span> <span class='ocrx_word' id='word_1_181' title='bbox 1280 3266 1539 3361; x_wconf 66' lang='lat' dir='ltr'>sirinano,</span> <span class='ocrx_word' id='word_1_182' title='bbox 1564 3274 1656 3358; x_wconf 87' lang='lat' dir='ltr'>inter</span> <span class='ocrx_word' id='word_1_183' title='bbox 1672 3272 1816 3379; x_wconf 81' lang='lat' dir='ltr'>judices</span> <span class='ocrx_word' id='word_1_184' title='bbox 1844 3266 1964 3351; x_wconf 82' lang='lat' dir='ltr'>sedisse</span> <span class='ocrx_word' id='word_1_185' title='bbox 1985 3270 2105 3359; x_wconf 86' lang='lat' dir='ltr'>aiunt,</span> <span class='ocrx_word' id='word_1_186' title='bbox 2133 3267 2211 3361; x_wconf 82' lang='lat' dir='ltr'>uel,</span> <span class='ocrx_word' id='word_1_187' title='bbox 2232 3263 2259 3340; x_wconf 83' lang='lat' dir='ltr'>fi</span> <span class='ocrx_word' id='word_1_188' title='bbox 2280 3266 2417 3352; x_wconf 84' lang='lat' dir='ltr'>maris,</span> 
     </span>
     <span class='ocr_line' id='line_1_23' title="bbox 1036 3382 2414 3489; baseline -0.004 -26"><span class='ocrx_word' id='word_1_189' title='bbox 1036 3382 1418 3485; x_wconf 77' lang='lat' dir='ltr'>judicis&#39;alsessoree‚</span> <span class='ocrx_word' id='word_1_190' title='bbox 1456 3412 1612 3489; x_wconf 88' lang='lat' dir='ltr'>quorum</span> <span class='ocrx_word' id='word_1_191' title='bbox 1652 3386 1807 3465; x_wconf 82' lang='lat' dir='ltr'>confilso</span> <span class='ocrx_word' id='word_1_192' title='bbox 1838 3386 2129 3465; x_wconf 79' lang='lat' dir='ltr'>Brouourus</span> <span class='ocrx_word' id='word_1_193' title='bbox 2158 3384 2414 3485; x_wconf 81' lang='lat' dir='ltr'>pronuntiaret</span> 
     </span>
     <span class='ocr_line' id='line_1_24' title="bbox 1037 3498 2416 3605; baseline -0.002 -25"><span class='ocrx_word' id='word_1_194' title='bbox 1037 3500 1111 3589; x_wconf 83' lang='lat' dir='ltr'>Sed</span> <span class='ocrx_word' id='word_1_195' title='bbox 1149 3503 1293 3589; x_wconf 91' lang='lat' dir='ltr'>hiduo</span> <span class='ocrx_word' id='word_1_196' title='bbox 1323 3504 1505 3591; x_wconf 85' lang='lat' dir='ltr'>manifeste</span> <span class='ocrx_word' id='word_1_197' title='bbox 1534 3528 1602 3605; x_wconf 91' lang='lat' dir='ltr'>pro</span> <span class='ocrx_word' id='word_1_198' title='bbox 1641 3506 1839 3591; x_wconf 79' lang='lat' dir='ltr'>aduersario</span> <span class='ocrx_word' id='word_1_199' title='bbox 1879 3504 2025 3582; x_wconf 85' lang='lat' dir='ltr'>stabant</span> <span class='ocrx_word' id='word_1_200' title='bbox 2074 3500 2198 3605; x_wconf 85' lang='lat' dir='ltr'>ltaque</span> <span class='ocrx_word' id='word_1_201' title='bbox 2234 3498 2416 3579; x_wconf 81' lang='lat' dir='ltr'>Brouc-</span> 
     </span>
     <span class='ocr_line' id='line_1_25' title="bbox 1038 3618 2013 3727; baseline -0.013 -15"><span class='ocrx_word' id='word_1_202' title='bbox 1038 3640 1172 3712; x_wconf 69' lang='lat' dir='ltr'>urum</span> <span class='ocrx_word' id='word_1_203' title='bbox 1194 3622 1349 3704; x_wconf 83' lang='lat' dir='ltr'>arbitror</span> <span class='ocrx_word' id='word_1_204' title='bbox 1372 3644 1451 3704; x_wconf 87' lang='lat' dir='ltr'>rem</span> <span class='ocrx_word' id='word_1_205' title='bbox 1485 3636 1672 3727; x_wconf 86' lang='lat' dir='ltr'>utcunque</span> <span class='ocrx_word' id='word_1_206' title='bbox 1701 3622 1818 3725; x_wconf 86' lang='lat' dir='ltr'>sopire</span> <span class='ocrx_word' id='word_1_207' title='bbox 1845 3618 2013 3707; x_wconf 82' lang='lat' dir='ltr'>maluisse.</span> 
     </span>
     <span class='ocr_line' id='line_1_26' title="bbox 1108 3731 2421 3839; baseline -0.003 -26"><span class='ocrx_word' id='word_1_208' title='bbox 1108 3736 1206 3823; x_wconf 77' lang='lat' dir='ltr'>illita</span> <span class='ocrx_word' id='word_1_209' title='bbox 1231 3740 1311 3817; x_wconf 90' lang='lat' dir='ltr'>sunt</span> <span class='ocrx_word' id='word_1_210' title='bbox 1341 3761 1421 3839; x_wconf 82' lang='lat' dir='ltr'>quae</span> <span class='ocrx_word' id='word_1_211' title='bbox 1459 3740 1504 3815; x_wconf 89' lang='lat' dir='ltr'>de</span> <span class='ocrx_word' id='word_1_212' title='bbox 1533 3764 1592 3817; x_wconf 75' lang='lat' dir='ltr'>aa</span> <span class='ocrx_word' id='word_1_213' title='bbox 1621 3739 1779 3825; x_wconf 77' lang='lat' dir='ltr'>Hirro</span> <span class='ocrx_word' id='word_1_214' title='bbox 1803 3764 1951 3828; x_wconf 80' lang='lat' dir='ltr'>narras,</span> <span class='ocrx_word' id='word_1_215' title='bbox 1981 3734 2233 3838; x_wconf 83' lang='lat' dir='ltr'>Cycloidalem</span> <span class='ocrx_word' id='word_1_216' title='bbox 2246 3731 2421 3812; x_wconf 80' lang='lat' dir='ltr'>Curram·</span> 
     </span>
     <span class='ocr_line' id='line_1_27' title="bbox 1037 3850 2418 3956; baseline -0.007 -21"><span class='ocrx_word' id='word_1_217' title='bbox 1037 3877 1114 3935; x_wconf 87' lang='lat' dir='ltr'>ram</span> <span class='ocrx_word' id='word_1_218' title='bbox 1146 3854 1236 3935; x_wconf 81' lang='lat' dir='ltr'>radii</span> <span class='ocrx_word' id='word_1_219' title='bbox 1268 3859 1307 3931; x_wconf 90' lang='lat' dir='ltr'>in</span> <span class='ocrx_word' id='word_1_220' title='bbox 1334 3854 1457 3933; x_wconf 86' lang='lat' dir='ltr'>medio</span> <span class='ocrx_word' id='word_1_221' title='bbox 1482 3854 1665 3945; x_wconf 84' lang='lat' dir='ltr'>diffornri,</span> <span class='ocrx_word' id='word_1_222' title='bbox 1684 3857 1936 3956; x_wconf 83' lang='lat' dir='ltr'>paralogismis</span> <span class='ocrx_word' id='word_1_223' title='bbox 1963 3858 2001 3931; x_wconf 89' lang='lat' dir='ltr'>in</span> <span class='ocrx_word' id='word_1_224' title='bbox 2025 3852 2181 3954; x_wconf 87' lang='lat' dir='ltr'>speciem</span> <span class='ocrx_word' id='word_1_225' title='bbox 2205 3850 2418 3927; x_wconf 82' lang='lat' dir='ltr'>demonstra·</span> 
     </span>
     <span class='ocr_line' id='line_1_28' title="bbox 1037 3966 2417 4079; baseline -0.005 -32"><span class='ocrx_word' id='word_1_226' title='bbox 1037 3976 1185 4063; x_wconf 78' lang='lat' dir='ltr'>tionum</span> <span class='ocrx_word' id='word_1_227' title='bbox 1213 3973 1430 4060; x_wconf 82' lang='lat' dir='ltr'>adornatis,</span> <span class='ocrx_word' id='word_1_228' title='bbox 1477 3977 1516 4053; x_wconf 88' lang='lat' dir='ltr'>io</span> <span class='ocrx_word' id='word_1_229' title='bbox 1554 3972 1637 4075; x_wconf 88' lang='lat' dir='ltr'>ipsrs</span> <span class='ocrx_word' id='word_1_230' title='bbox 1668 3966 1874 4079; x_wconf 66' lang='lat' dir='ltr'>Academiae</span> <span class='ocrx_word' id='word_1_231' title='bbox 1908 3968 2179 4055; x_wconf 63' lang='lat' dir='ltr'>Commentariis</span> <span class='ocrx_word' id='word_1_232' title='bbox 2210 3966 2417 4045; x_wconf 86' lang='lat' dir='ltr'>confirmare</span> 
     </span>
     <span class='ocr_line' id='line_1_29' title="bbox 1038 4082 2416 4189; baseline -0.004 -26"><span class='ocrx_word' id='word_1_233' title='bbox 1038 4088 1209 4168; x_wconf 83' lang='lat' dir='ltr'>voluisse:</span> <span class='ocrx_word' id='word_1_234' title='bbox 1244 4088 1378 4178; x_wconf 83' lang='lat' dir='ltr'>credo,</span> <span class='ocrx_word' id='word_1_235' title='bbox 1408 4104 1450 4171; x_wconf 88' lang='lat' dir='ltr'>ut</span> <span class='ocrx_word' id='word_1_236' title='bbox 1477 4090 1629 4171; x_wconf 86' lang='lat' dir='ltr'>Calculo</span> <span class='ocrx_word' id='word_1_237' title='bbox 1661 4088 1887 4172; x_wconf 81' lang='lat' dir='ltr'>differentiali</span> <span class='ocrx_word' id='word_1_238' title='bbox 1919 4112 2041 4175; x_wconf 81' lang='lat' dir='ltr'>carere¹</span> <span class='ocrx_word' id='word_1_239' title='bbox 2072 4082 2173 4189; x_wconf 89' lang='lat' dir='ltr'>posse</span> <span class='ocrx_word' id='word_1_240' title='bbox 2205 4085 2416 4167; x_wconf 88' lang='lat' dir='ltr'>crederetur.</span> 
     </span>
     <span class='ocr_line' id='line_1_30' title="bbox 1031 4200 2417 4308; baseline -0.007 -23"><span class='ocrx_word' id='word_1_241' title='bbox 1031 4204 1224 4297; x_wconf 75' lang='lat' dir='ltr'>sortasse,</span> <span class='ocrx_word' id='word_1_242' title='bbox 1254 4226 1299 4295; x_wconf 76' lang='lat' dir='ltr'>,ut</span> <span class='ocrx_word' id='word_1_243' title='bbox 1325 4208 1430 4308; x_wconf 81' lang='lat' dir='ltr'>apud</span> <span class='ocrx_word' id='word_1_244' title='bbox 1472 4206 1811 4299; x_wconf 74' lang='lat' dir='ltr'>Graecarum,</span> <span class='ocrx_word' id='word_1_245' title='bbox 1842 4206 1917 4285; x_wconf 89' lang='lat' dir='ltr'>duo</span> <span class='ocrx_word' id='word_1_246' title='bbox 1954 4202 2183 4307; x_wconf 76' lang='lat' dir='ltr'>paralogismi</span> <span class='ocrx_word' id='word_1_247' title='bbox 2223 4200 2257 4279; x_wconf 92' lang='lat' dir='ltr'>se</span> <span class='ocrx_word' id='word_1_248' title='bbox 2292 4216 2417 4278; x_wconf 88' lang='lat' dir='ltr'>mutuo</span> 
     </span>
     <span class='ocr_line' id='line_1_31' title="bbox 1024 4316 2418 4409; baseline -0.007 -10"><span class='ocrx_word' id='word_1_249' title='bbox 1024 4322 1256 4409; x_wconf 75' lang='lat' dir='ltr'>&#39;destruentes</span> <span class='ocrx_word' id='word_1_250' title='bbox 1294 4328 1350 4399; x_wconf 66' lang='lat' dir='ltr'>in,</span> <span class='ocrx_word' id='word_1_251' title='bbox 1369 4324 1555 4404; x_wconf 83' lang='lat' dir='ltr'>ueritatem</span> <span class='ocrx_word' id='word_1_252' title='bbox 1583 4322 1772 4401; x_wconf 51' lang='lat' dir='ltr'>¹desierunt</span> <span class='ocrx_word' id='word_1_253' title='bbox 1795 4395 1799 4405; x_wconf 83' lang='lat'>‚</span> <span class='ocrx_word' id='word_1_254' title='bbox 1824 4324 1967 4401; x_wconf 83' lang='lat' dir='ltr'>Tomua</span> <span class='ocrx_word' id='word_1_255' title='bbox 1996 4322 2058 4398; x_wconf 91' lang='lat' dir='ltr'>ille</span> <span class='ocrx_word' id='word_1_256' title='bbox 2090 4316 2259 4397; x_wconf 88' lang='lat' dir='ltr'>nondum</span> <span class='ocrx_word' id='word_1_257' title='bbox 2290 4318 2342 4395; x_wconf 89' lang='lat' dir='ltr'>ad</span> <span class='ocrx_word' id='word_1_258' title='bbox 2369 4340 2418 4391; x_wconf 89' lang='lat' dir='ltr'>me</span> 
     </span>
     <span class='ocr_line' id='line_1_32' title="bbox 1035 4433 2418 4549; baseline -0.004 -35"><span class='ocrx_word' id='word_1_259' title='bbox 1035 4443 1209 4538; x_wconf 82' lang='lat' dir='ltr'>pervenit.</span> <span class='ocrx_word' id='word_1_260' title='bbox 1259 4438 1459 4517; x_wconf 77' lang='lat' dir='ltr'>Admoneri</span> <span class='ocrx_word' id='word_1_261' title='bbox 1485 4440 1611 4549; x_wconf 79' lang='lat' dir='ltr'>talium</span> <span class='ocrx_word' id='word_1_262' title='bbox 1636 4436 1687 4515; x_wconf 88' lang='lat' dir='ltr'>Br</span> <span class='ocrx_word' id='word_1_263' title='bbox 1702 4464 1728 4515; x_wconf 90' lang='lat' dir='ltr'>o</span> <span class='ocrx_word' id='word_1_264' title='bbox 1740 4464 1834 4518; x_wconf 82' lang='lat' dir='ltr'>uou</span> <span class='ocrx_word' id='word_1_265' title='bbox 1847 4464 1860 4516; x_wconf 94' lang='lat' dir='ltr'>r</span> <span class='ocrx_word' id='word_1_266' title='bbox 1872 4466 1898 4517; x_wconf 90' lang='lat' dir='ltr'>u</span> <span class='ocrx_word' id='word_1_267' title='bbox 1911 4464 1943 4521; x_wconf 84' lang='lat' dir='ltr'>u</span> <span class='ocrx_word' id='word_1_268' title='bbox 1966 4433 2184 4523; x_wconf 82' lang='lat' dir='ltr'>Abbatrme</span> <span class='ocrx_word' id='word_1_269' title='bbox 2203 4460 2240 4515; x_wconf 87' lang='lat' dir='ltr'>re</span> <span class='ocrx_word' id='word_1_270' title='bbox 2258 4434 2418 4543; x_wconf 84' lang='lat' dir='ltr'>prosetlo</span> 
     </span>
     <span class='ocr_line' id='line_1_33' title="bbox 1034 4550 1954 4659; baseline 0.003 -27"><span class='ocrx_word' id='word_1_271' title='bbox 1034 4552 1237 4647; x_wconf 70' lang='lat' dir='ltr'>Academiae</span> <span class='ocrx_word' id='word_1_272' title='bbox 1265 4554 1302 4634; x_wconf 76' lang='lat' dir='ltr'>dr</span> <span class='ocrx_word' id='word_1_273' title='bbox 1328 4550 1555 4659; x_wconf 72' lang='lat' dir='ltr'>Reipublicae</span> <span class='ocrx_word' id='word_1_274' title='bbox 1587 4556 1782 4637; x_wconf 84' lang='lat' dir='ltr'>Litterariae</span> <span class='ocrx_word' id='word_1_275' title='bbox 1809 4556 1901 4636; x_wconf 84' lang='lat' dir='ltr'>esset.</span> <span class='ocrx_word' id='word_1_276' title='bbox 1951 4590 1954 4597; x_wconf 92' lang='grc'><em>·</em></span> 
     </span>
     <span class='ocr_line' id='line_1_34' title="bbox 1091 4668 2418 4773; baseline -0.002 -24"><span class='ocrx_word' id='word_1_277' title='bbox 1091 4668 1250 4749; x_wconf 82' lang='lat' dir='ltr'>Domini</span> <span class='ocrx_word' id='word_1_278' title='bbox 1278 4671 1554 4751; x_wconf 77' lang='lat' dir='ltr'>Hauuauur</span> <span class='ocrx_word' id='word_1_279' title='bbox 1584 4674 1777 4772; x_wconf 87' lang='lat' dir='ltr'>negotium</span> <span class='ocrx_word' id='word_1_280' title='bbox 1805 4672 2029 4754; x_wconf 86' lang='lat' dir='ltr'>Patauinum.</span> <span class='ocrx_word' id='word_1_281' title='bbox 2047 4673 2219 4773; x_wconf 87' lang='lat' dir='ltr'>putabam</span> <span class='ocrx_word' id='word_1_282' title='bbox 2247 4696 2332 4750; x_wconf 89' lang='lat' dir='ltr'>non</span> <span class='ocrx_word' id='word_1_283' title='bbox 2356 4694 2418 4748; x_wconf 86' lang='lat' dir='ltr'>nra-</span> 
     </span>
     <span class='ocr_line' id='line_1_35' title="bbox 1030 4786 2419 4899; baseline -0.001 -35"><span class='ocrx_word' id='word_1_284' title='bbox 1030 4788 1068 4865; x_wconf 85' lang='lat' dir='ltr'>le</span> <span class='ocrx_word' id='word_1_285' title='bbox 1097 4788 1304 4891; x_wconf 82' lang='lat' dir='ltr'>procedere</span> <span class='ocrx_word' id='word_1_286' title='bbox 1369 4786 1466 4867; x_wconf 85' lang='lat' dir='ltr'>Nem</span> <span class='ocrx_word' id='word_1_287' title='bbox 1501 4790 1636 4899; x_wconf 74' lang='lat' dir='ltr'>scripsit</span> <span class='ocrx_word' id='word_1_288' title='bbox 1681 4790 1729 4869; x_wconf 84' lang='lat' dir='ltr'>ad</span> <span class='ocrx_word' id='word_1_289' title='bbox 1760 4816 1821 4871; x_wconf 87' lang='lat' dir='ltr'>me</span> <span class='ocrx_word' id='word_1_290' title='bbox 1856 4788 2069 4871; x_wconf 81' lang='lat' dir='ltr'>Domr&#39;rricur</span> <span class='ocrx_word' id='word_1_291' title='bbox 2107 4789 2419 4875; x_wconf 66' lang='lat' dir='ltr'>enarratur.</span> 
     </span>
     <span class='ocr_line' id='line_1_36' title="bbox 1142 4927 2418 4995; baseline -0.005 0"><span class='ocrx_word' id='word_1_292' title='bbox 1142 4989 1147 4995; x_wconf 90' lang='lat'>.</span> <span class='ocrx_word' id='word_1_293' title='bbox 2338 4927 2418 4991; x_wconf 64' lang='lat' dir='ltr'>uss</span> 
     </span>
     <span class='ocr_line' id='line_1_37' title="bbox 1077 5013 2154 5121; baseline -0.015 -12"><span class='ocrx_word' id='word_1_294' title='bbox 1077 5013 1140 5117; x_wconf 71' lang='grc' dir='ltr'>(Ι)</span> <span class='ocrx_word' id='word_1_295' title='bbox 1167 5024 1277 5103; x_wconf 72' lang='lat' dir='ltr'>Nouv·</span> <span class='ocrx_word' id='word_1_296' title='bbox 1297 5014 1521 5118; x_wconf 55' lang='lat' dir='ltr'>sela-Repu&amp;</span> <span class='ocrx_word' id='word_1_297' title='bbox 1542 5016 1598 5101; x_wconf 69' lang='lat' dir='ltr'>des</span> <span class='ocrx_word' id='word_1_298' title='bbox 1621 5024 1744 5101; x_wconf 71' lang='lat' dir='ltr'>terrra</span> <span class='ocrx_word' id='word_1_299' title='bbox 1771 5028 1878 5117; x_wconf 83' lang='lat'><em>1706.</em></span> <span class='ocrx_word' id='word_1_300' title='bbox 1903 5025 2001 5119; x_wconf 81' lang='lat' dir='ltr'>Janv.</span> <span class='ocrx_word' id='word_1_301' title='bbox 2018 5038 2055 5121; x_wconf 75' lang='lat' dir='ltr'>p.</span> <span class='ocrx_word' id='word_1_302' title='bbox 2078 5034 2154 5097; x_wconf 86' lang='lat'>120.</span> 
     </span>
    </p>
   </div>
   <div class='ocr_carea' id='block_1_3' title="bbox 2473 1978 2479 2615">
    <p class='ocr_par' dir='ltr' id='par_1_3' title="bbox 2473 1978 2479 2615">
     <span class='ocr_line' id='line_1_38' title="bbox 2473 1978 2479 2615; baseline 0 0"><span class='ocrx_word' id='word_1_303' title='bbox 2473 1978 2479 2615; x_wconf 95' lang='lat' dir='ltr'> </span> 
     </span>
    </p>
   </div>
   <div class='ocr_carea' id='block_1_4' title="bbox 0 0 2734 6679">
    <p class='ocr_par' dir='ltr' id='par_1_4' title="bbox 0 0 2734 6679">
     <span class='ocr_line' id='line_1_39' title="bbox 0 0 2734 6679; baseline 0 0"><span class='ocrx_word' id='word_1_304' title='bbox 0 0 2734 6679; x_wconf 95' lang='lat' dir='ltr'> </span> 
     </span>
    </p>
   </div>
  </div>
 </body>
</html>
