5459 6684
824 791 831 803 ,
908 723 936 786 r.-
1034 703 1573 790 pomiterarum
1622 703 2178 789 :errrorreura

727 867 864 939 1700„
967 827 1086 908 Miror
1110 831 1201 930 quid
1235 828 1321 904 Tibi
1352 829 1464 914 velis,
1493 850 1578 906 eum
1607 827 1682 920 ais,
1708 849 1768 904 me
1793 817 1887 902 Tibi
1923 831 1969 908 de
2002 838 2153 913 nomine
2181 845 2305 938 gratu.

725 951 860 1046 Juruar.
908 953 1032 1030 latum.
1083 946 1164 1042 Ego
1195 943 1281 1020 Tibi
1303 944 1501 1042 gratulatus
1525 943 1607 1021 sum
1632 945 1670 1020 &
1697 945 1743 1022 de
1773 946 1926 1024 nomine
1950 948 1988 1022 dt
2013 949 2059 1026 de
2084 975 2133 1028 re.
2181 953 2225 1032 ld
2253 962 2309 1038 est.

911 1069 956 1148 de
981 1066 1166 1162 dignitate.
1767 1051 1780 1065 ⁴

969 1179 1223 1256 Sernosnm
1253 1197 1299 1248 ne
1331 1197 1402 1274 ego
1424 1175 1510 1254 Tibi
1533 1177 1770 1278 comparem?
1799 1183 1862 1278 qui
1885 1179 1970 1256 ideo
1997 1177 2107 1274 surb,
2137 1199 2177 1259 ut
2202 1180 2300 1282 quae‘.

912 1299 997 1375 dam
1019 1295 1131 1380 vitet,
1163 1313 1208 1366 ne
1233 1291 1470 1383 hominibus,
1499 1311 1540 1371 ut
1569 1311 1758 1394 apparet,
1788 1291 1875 1370 Tibi
1905 1296 2038 1372 infestis
2070 1298 2301 1380 occafionem

912 1409 1106 1510 aliquando
1140 1407 1322 1495 nocendi,
1357 1411 1663 1511 comparandique
1699 1413 1866 1511 praebeas.
1931 1409 2039 1488 Bono
2064 1417 2188 1492 animo
2219 1442 2299 1518 quae

916 1525 1008 1608 dista
1032 1529 1156 1622 noris,
1196 1525 1233 1600 in
1270 1531 1491 1604 contrarium
1523 1531 1613 1604 non'
1630 1527 1724 1604 rede
1764 1543 1888 1605 vertas.
1948 1524 2066 1605 Etiam
2099 1551 2178 1627 quae
2207 1557 2303 1609 nun·

915 1665 1025 1748 quam
1047 1642 1133 1720 sient
1165 1639 1342 1742 possibilia
1371 1643 1555 1732 dicimus,
1585 1667 1631 1720 eo
1657 1644 1791 1722 scilicet
1815 1645 1949 1734 sensu,
1977 1668 2053 1746 quo
2086 1645 2203 1724 sutura
2235 1673 2300 1723 ne·

918 1760 1058 1840 cessaria
1084 1759 1151 1836 elle
1177 1783 1370 1855 negamus..

973 1877 1033 1954 De
1056 1888 1135 1952 a’e're
1161 1873 1412 1961 condensato,
1446 1873 1637 1965 rarefatto,
1668 1879 1838 1958 calefaiio
1864 1894 1926 1956 aut
1950 1881 2086 1977 frigore
2115 1879 2313 1956 contrario·

917 1997 1164 2096 experimenta
1190 2005 1330 2066 tantum
1352 1989 1513 2066 facienda
1532 1989 1726 2090 supersunt.
1776 1997 1935 2091 Quoties
1958 1993 2096 2096 aliquid
2116 1995 2202 2072 dico
2225 2019 2300 2070 me·

917 2107 1119 2210 taphylrce‚
1142 2105 1237 2182 velit
1258 2107 1370 2182 mavis
1398 2103 1657 2186 lllathematice
1684 2111 1899 2200 Elasticum,
1928 2113 2135 2190 abstrahitur
2159 2115 2313 2189 animus·

918 2229 961 2304 ab
981 2249 1050 2322 eo,
1077 2223 1178 2326 quod
1195 2225 1347 2302 'materia
1369 2227 1525 2322 patitur3
1552 2241 1600 2301 ut·
1620 2251 1705 2303 cum
1737 2229 1907 2328 fingimus
1922 2231 2134 2328 gravitatem
2152 2231 2191 2306 in
2220 2251 2300 2303 ma·

917 2345 1114 2422 thematico
1139 2344 1284 2438 rigore,
1311 2364 1419 2438 quem
1441 2365 1518 2416 non
1544 2348 1663 2442 capit.
1703 2344 1852 2422 Interim
1881 2349 1959 2425 talis
1989 2346 2174 2422 aestimatio
2203 2342 2299 2420 utili·

815 2533 821 2547 ,
919 2473 974 2536 ter
996 2459 1061 2536 suo
1088 2458 1416 2548 locoadbibetur,
1448 2461 1568 2559 itaque
1587 2461 1778 2538 eomodo
1802 2461 2044 2564 metaphyliee
2059 2483 2169 2562 grave
2188 2462 2313 2536 orire--

914 2589 1013 2650 tura
1042 2575 1182 2660 nihilo,
1210 2589 1336 2648 centro
1369 2574 1505 2650 scilicet
1530 2575 1753 2653 attrahente..

975 2689 1093 2784 Quod
1124 2687 1432 2764 Wirrrsmn.
1452 2691 1585 2767 vocasti
1610 2683 1803 2791 strenuum
1818 2693 1949 2798 gloriae
1974 2687 2186 2795 Anglicanae
2214 2691 2300 2765 vina

916 2805 1049 2896 dicem,
1080 2807 1140 2882 ille
1166 2803 1263 2879 laudi
1294 2801 1357 2876 fibi
1394 2827 1471 2881 non
1508 2806 1644 2902 injurlae
1675 2810 1793 2888 ducet.
1857 2809 1935 2907 Ego
1962 2807 2147 2882 interdum
2171 2805 2298 2878 nostris

919 2923 1126 3018 exprobro,
1162 2919 1273 3018 quod'
1296 2943 1423 3016 parum
1448 2922 1579 3000 strenui
1610 2921 1687 2999 sint·
1709 2929 1835 3024 gloriae
1877 2920 2103 2997 Germanica
2124 2917 2294 2990 vindices.

917 3035 1114 3116 AEmulatio
1142 3035 1350 3128 nationum,
1374 3035 1436 3115 etsi
1472 3062 1518 3116 eo
1544 3064 1620 3117 non
1647 3041 1776 3118 debent
1805 3041 1943 3138 porrigi
1974 3048 2014 3108 ut
2047 3032 2122 3108 aliis
2149 3029 2308 3104 maledi-1

920 3177 1064 3250 camus,
1099 3151 1172 3232 huc
1198 3167 1319 3233 tamen
1342 3157 1479 3234 utiliter
1503 3157 1660 3246 valebit,
1691 3173 1733 3233 ut
1763 3173 1915 3254 aequare·
1933 3151 2022 3226 alios
2047 3149 2105 3223 vel
2135 3145 2297 3244 superare

919 3273 1203 3369 contendamus;
1225 3271 1325 3352 unde
1358 3275 1489 3352 fruitus
1512 3275 1711 3374 perveniet.
1728 3274 1775 3349 ad
1800 3290 1955 3356 omues,
1982 3266 2056 3342 laus
2079 3268 2124 3344 ad
2157 3288 2297 3340 meren-

915 3401 979 3468 ter.

977 3507 1180 3590 Difficulter
1213 3509 1259 3586 de
1288 3507 1513 3588 commercio
1544 3504 1673 3583 animae
1704 3497 1742 3582 ti
1774 3504 1945 3603 corporis
1978 3501 2065 3578 mihi
2092 3499 2233 3576 ridetur
2256 3504 2295 3574 in

917 3621 1163 3723 Responsrone
1192 3627 1240 3723 ad
1262 3624 1393 3704 Duum
1422 3623 1701 3700 Voruruum
1730 3619 1901 3699 dissoluta.
1944 3621 2119 3698 Notatam
2142 3620 2213 3712 jam
2233 3638 2296 3689 an-

916 3753 974 3818 tea
998 3765 1019 3816 a
1047 3744 1170 3818 mein
1200 3741 1274 3835 eius
1294 3741 1422 3816 litteris
1453 3737 1936 3848 non3memini1‘li'inrst,
1964 3735 2176 3835 imprudens
2207 3755 2294 3834 prae·

918 3861 1022 3949 terii,
1051 3882 1136 3937 naut
1161 3847 1380 3934 dissimulare
1401 3875 1483 3930 mos
1500 3878 1578 3933 non
1601 3857 1660 3932 est'
1673 3881 1801 3936 meua·

977 3973 1127 4077 Semper
1148 3975 1254 4052 nobis
1279 3995 1363 4049 curn
1387 3969 1502 4048 Duo..
1533 3971 1714 4052 Mnurrn
1728 3965 2093 4072 uto-disputandum
2110 3971 2182 4062 est,
2203 3986 2306 4066 quoa·

916 4097 982 4170 tles
1008 4115 1075 4170 nos
1101 4091 1309 4168 tuemur&
1344 4087 1485 4165 nostra..
1519 4089 1574 4169 Ita
1605 4115 1707 4169 nunc
1734 4113 1886 4191 quoque
1912 4087 2051 4166 accidit.
2096 4082 2181 4176 ⁸Vin
2217 4099 2299 4182 tan-¹

917 4213 1002 4292 deur
1026 4209 1170 4286 obtinui
1195 4219 1236 4283 ut
1258 4223 1316 4284 tua
1349 4209 1386 4283 in
1412 4203 1610 4284 Fuerunt
1628 4220 1751 4288 notata
1782 4200 1991 4292 ederentur,
2017 4260 2176 4281 .......
2209 4223 2293 4275 cum

917 4329 1014 4404 enim
1040 4323 1230 4401 Problema
1256 4324 1361 4402 solidi
1388 4325 1580 4402 minimum
1604 4328 1642 4400 in
1669 4312 2025 4426 liquido-resistentis
2056 4319 2223 4418 praeclare
2253 4315 2327 4388 il·.

916 4441 1090 4536 lustrent,
1112 4441 1272 4541 profesio
1301 4441 1370 4518 illis
1391 4441 1580 4542 publicum
1607 4441 1761 4519 fraudari
1785 4465 1874 4517 non·
1894 4439 2057 4515 debebat.
2103 4435 2174 4511 Sed
2204 4433 2295 4509 olim

916 4555 1003 4636 Dni.
1040 4555 1451 4638 Tscrrrnunnusrr
1479 4560 1518 4632 in
1552 4543 1812 4638 cineum
1849 4551 2041 4633 didasane
2067 4553 2192 4630 acerba
2218 4571 2294 4625 non

916 4673 1161 4768 recusarunt,
1204 4677 1440 4757 Cnurorr
1471 4671 1768 4778 respondunibuu.
1796 4671 1928 4753 deinde
1964 4669 2116 4750 srlentio·
2135 4663 2295 4770 suppres·
2431 4661 2436 4668 ’

914 4789 981 4868 su..
1610 4825 1616 4832 ·

1406 4947 1410 4953 ,
2100 4893 2297 4975 *Dominus
