5459 6684
469 832 1689 931 errurrrrrrrrerruovrrrr,ssrrsa.crxvu
1727 844 1793 919 171
1893 866 1896 881 ·

417 1008 1793 1069 4..--—--—--·----······'····-···

649 1146 1205 1245 ErrSToLA
1290 1142 1556 1231 chVlr
1686 1193 1705 1235 ο

589 1360 1645 1457 ἱΕΙΒΝΙΤΙΙΑΒΒΕΚΝΟΗῙὼΙΗΜ

665 1576 981 1744 Responfio
1011 1578 1081 1701 ad
1114 1574 1548 1742 praecedentem.

419 1858 477 1925 De
504 1841 818 1936 murmurum.
854 1848 907 1914 De
928 1844 1143 1929 Rorrro,
1169 1846 1243 1919 Do
1266 1842 1461 1927 Tauro,
1484 1838 1544 1911 Le
1568 1834 1723 1909 Hrrro
1752 1826 1796 1915 id

495 1944 657 2019 Pam
671 1960 768 2015 Tlo.
800 1944 851 2012 De
884 1942 997 2014 cirad
1024 1943 1237 2039 red'picatione
1256 1958 1317 2039 prr
1344 1942 1649 2033 approximationem.
1685 1938 1751 2009 Dii

658 2133 663 2140 ⁶
803 2038 1002 2130 Mscellaneir
1028 2038 1264 2131 omamasrtus
1286 2036 1416 2110 eamus.

639 2231 713 2321 isar
735 2228 1010 2323 Celeberrime
1036 2233 1047 2321 l
1077 2240 1230 2321 Patitor
1259 2226 1618 2321 Honoratillime!

504 2454 583 2537 Ora
612 2454 847 2533 mediocriter
871 2458 1111 2537 turbaverunt
1142 2481 1203 2535 me
1242 2450 1369 2535 litterae
1412 2451 1694 2535 Heraraanniaoae
1712 2513 1727 2543 .,
1761 2455 1799 2531 d<
1819 2482 1923 2555 1707.

524 2596 616 2650 mox
648 2571 740 2649 Tuae
762 2626 773 2658 ,
806 2596 890 2674 quae
913 2574 1119 2655 valetudine
1141 2574 1198 2653 'l'e
1227 2596 1357 2674 parum
1384 2571 1483 2649 firma
1511 2577 1566 2649 uti
1590 2570 1798 2671 fignificant.
1816 2562 1972 2636 Februar.

414 2688 543 2792 ltaque
572 2688 676 2769 valde
702 2686 836 2767 suadeo
865 2703 907 2767 ut
936 2714 1017 2768 eam
1035 2716 1140 2771 curer
1164 2692 1385 2790 diligenter,
1417 2691 1454 2767 dr
1478 2688 1662 2767 laboribus
1685 2690 1798 2767 animi

412 2810 577 2885 maxime
600 2808 795 2894 abstineas,
834 2807 929 2885 inter
957 2830 1052 2909 qraoe
1075 2808 1216 2889 Calculi
1243 2832 1320 2885 non
1345 2807 1430 2885 sunt
1461 2807 1640 2909 postremi
1690 2804 1798 2886 Potes

401 2926 568 3023 ingenio
599 2920 799 3025 prodelle,
839 2921 901 3019 etli
936 2946 1014 3001 ooo
1051 2923 1165 3028 prode
1195 2924 1330 3003 labore.
1388 2923 1520 3026 Neque
1546 2927 1688 3023 gravius
1721 2922 1798 3001 haec

414 3041 530 3121 studia
563 3041 738 3119 damnum
758 3038 887 3118 {entire
920 3039 1086 3141 pollent,
1112 3066 1222 3146 quam
1247 3067 1268 3121 a
1290 3044 1421 3141 jadon
1444 3038 1549 3129 Tua,
1577 3064 1657 3141 quae
1678 3038 1798 3119 adhuc

418 3152 578 3237 Fratrem
607 3156 730 3237 Tuum
753 3156 957 3258 deplorant
995 3158 1156 3239 Gaudeo
1178 3162 1321 3238 interim
1345 3160 1491 3238 alterius
1518 3155 1647 3236 Fratris
1663 3153 1795 3234 Filium

328 3302 332 3309 ·
415 3276 563 3374 vestigia
597 3274 707 3351 restro
730 3298 903 3374 premere.
950 3274 1061 3355 Hunc
1093 3280 1232 3379 poteris
1253 3282 1428 3364 excitare,
1457 3289 1498 3353 ut
1522 3279 1623 3374 juret
1644 3274 1795 3353 medita·

415 3392 536 3468 tiones
548 3390 668 3479 Tuas,
694 3390 1018 3493 hereditariamque
1042 3396 1148 3473 aubis
1177 3396 1322 3473 laudem
1342 3398 1381 3471 in
1408 3394 1570 3495 posteros
1595 3394 1718 3469 servet.

485 3504 618 3585 Nolim
638 3530 697 3585 me
718 3506 886 3585 Tuorum
910 3511 1142 3589 inventorum
1165 3512 1436 3611 negligentem,
1455 3522 1516 3585 aut
1540 3530 1690 3608 parcum
1711 3504 1797 3583 aelli-

414 3636 594 3702 matorem
623 3638 752 3726 puter,
784 3621 848 3703 etii
872 3626 1115 3724 praejudicio,
1160 3629 1284 3704 nel'cio
1319 3652 1425 3729 quo,
1451 3625 1596 3701 festinus
1623 3624 1715 3699 circa
1744 3642 1797 3697 re.

411 3756 563 3842 pentem
592 3760 739 3821 morum
767 3739 824 3817 Te
847 3740 986 3841 lapsum
1016 3748 1190 3843 putarim:
1223 3742 1444 3845 Quanquam
1464 3739 1525 3817 Tu
1544 3760 1692 3841 quoque
1712 3738 1798 3835 [pa-

411 3872 487 3937 tere
521 3874 565 3937 ut
589 3860 684 3939 hanc
707 3861 826 3937 vicem
856 3856 1036 3955 reddam]
1065 3884 1184 3939 meam
1209 3861 1448 3939 Problematis
1478 3856 1552 3933 Tui
1570 3856 1800 3934 Solutionenr

413 3978 521 4055 initio
558 3976 801 4075 negligentius
828 3976 1049 4067 tradereris,
1076 4002 1156 4078 quae
1185 4002 1240 4055 res
1267 3978 1402 4055 fecerat
1420 3990 1461 4055 ut
1489 3973 1610 4053 nescio
1634 3996 1722 4075 quas
1736 3966 1800 4047 Ti·

410 4091 450 4167 bi
473 4090 728 4192 perplexitates
752 4090 931 4191 ingeres,
959 4094 1024 4169 ubi
1049 4096 1158 4173 nullae
1184 4108 1295 4171 erant

405 4372 412 4383 ,
507 4292 677 4398 icimur,
703 4295 754 4391 ὁ*
778 4300 870 4379 ome
894 4306 1048 4417 venirem
1068 4298 1296 4415 perimrgsque
1322 4302 1518 4418 damus'que
1545 4293 1710 4413 uiciffim.

470 4514 655 4595 caeterum
678 4516 741 4597 etli
768 4542 839 4619 pro
869 4521 1085 4633 poenitentia
1107 4508 1333 4621 injunxeris}
1355 4542 1401 4615 ut
1421 4526 1519 4609 Tuas
1549 4518 1797 4633 Gibbo'aeomf

409 4620 546 4739 preffas
572 4630 650 4731 [lic
676 4638 774 4714 enim
801 4638 910 4717 credo
938 4652 1021 4739 apte
1050 4640 1300 4742 vocabimus]
1333 4650 1503 4725 attentius
1532 4644 1714 4745 legerem
1745 4642 1796 4720 le·

414 4746 500 4848 gille
521 4774 599 4827 non
640 4757 817 4853 penituit.
858 4754 1102 4836 Pulcherrima
1122 4761 1224 4837 enim
1254 4760 1323 4860 vila
1356 4765 1517 4863 profetio
1546 4762 1624 4841 Tua
1648 4760 1798 4841 medita·

415 4868 468 4941 tio
496 4866 542 4941 de
575 4866 728 4947 Circulis
765 4871 908 4951 duobus
936 4924 950 4969 ‚
997 4898 1074 4953 uuo
1097 4880 1237 4955 extimo
1263 4877 1381 4958 altero
1407 4864 1569 4970 intimo,
1600 4884 1696 4959 circa
1719 4902 1799 4957 cur-

415 5004 492 5059 ram
514 4981 559 5061 ad
589 4986 730 5066 easdem
755 5004 875 5094 partes
902 5015 1047 5083 caram,
1080 4993 1247 5107 adeoque
1281 5020 1358 5078 uno
1381 5003 1516 5107 maiore
1540 5000 1654 5077 altero
1679 5002 1800 5074 mino·
1867 5100 1888 5139 ο

733 5172 766 5237 0
1223 5110 1255 5190 Y
1300 5135 1325 5201 2
1748 5134 1797 5187 re.
