5459 6684
421 915 835 999 rrrnrtrrrrrr
864 849 1448 994 ΝΝΝΝΝΝΝΝῙἘΕΝΝΝ.
1465 887 1673 974 ΝΝΧΧΧΝ
1705 905 1782 992 ata

376 1067 467 1141 ratur
492 1059 698 1138 multttudo
728 1055 969 1157 sphalmatum
996 1037 1381 1155 typographicorum,
1422 1061 1539 1170 prout·
1565 1047 1660 1126 retia
1698 1063 1911 1133 mo-1711

376 1201 481 1268 nes,
508 1199 589 1254 non
602 1175 697 1252 nihil
728 1174 899 1272 deturpat
922 1169 998 1249 hoc
1027 1169 1166 1271 Opust
1807 1143 1919 1271 April]

441 1293 659 1377 Caendeum
679 1280 929 1393 Berolinenfe,
961 1287 1062 1389 quod
1081 1283 1288 1386 promittis,
1315 1293 1415 1379 grata
1439 1296 1563 1363 mente
1580 1284 1787 1382 accipiam:

380 1416 456 1494 ubi
491 1411 728 1496 obtinuero.
747 1407 911 1486 conabor
946 1406 990 1484 id
1017 1407 1170 1506 propius
1191 1401 1429 1488 examinare,
1446 1405 1483 1480 δι
1505 1403 1553 1478 in
1573 1400 1720 1500 ipsum,
1753 1401 1780 1478 fi

383 1543 505 1633 pote,
533 1547 705 1603 arcanum
729 1537 931 1625 penetrare.

480 1643 576 1724 leon
607 1640 705 1729 Tua,
742 1663 854 1742 quam
877 1639 1068 1741 expetiere
1101 1639 1225 1726 facis
1254 1637 1397 1712 utinam
1444 1637 1560 1714 cito.
1551 1627 1561 1686 ¹
1589 1657 1650 1716 me
1678 1589 1781 1737 supra
1863 1681 1865 1692 ·

365 1761 553 1840 modurn
577 1759 725 1854 beabit,
757 1757 862 1859 quod
892 1757 1005 1838 officii
1033 1781 1149 1859 genus
1178 1756 1308 1842 omni,
1341 1753 1379 1829 dt
1416 1771 1491 1856 quo
1519 1752 1593 1854 ipse
1617 1748 1778 1851 julleris,

383 1877 500 1980 patio
530 1875 709 1952 demereri
731 1875 896 1952 studebo.

475 1989 539 2071 De
564 1989 780 2070 Saunnrr
837 1986 985 2092 Physica
1017 1990 1211 2092 posthuma
1238 1983 1379 2063 edenda
1392 1984 1522 2066 adhuc
1559 1979 1662 2064 nihil
1682 1990 1782 2065 audi

385 2113 448 2198 vi,
476 2109 575 2188 foret
596 2107 695 2184 haud
720 2109 834 2186 dubie
861 2107 973 2205 digna
1008 2125 1088 2207 quae
1117 2106 1287 2182 ederetur
1314 2095 1360 2209 (r
1367 2095 1408 2209 ).
1447 2099 1590 2182 Tecum
1620 2109 1777 2183 omnino

389 2223 511 2303 lentio
536 2223 638 2304 fuille
664 2221 808 2303 Virum·
833 2220 1176 2321 diligentillimum
1165 2243 1215 2296 ro
1230 2219 1447 2320 colligendis
1471 2245 1549 2322 quae
1568 2221 1796 2324 profundam·

395 2340 675 2420 meditationem
702 2363 789 2418 non
808 2341 1022 2439 postulant,
1046 2335 1113 2414 cni'
1137 2339 1249 2413 etiam
1270 2336 1351 2412 satis
1382 2337 1509 2433 judicii
1539 2339 1609 2418 luit
1639 2345 1678 2417 in
1718 2337 1787 2416 dii-

398 2458 591 2534 cernendis
615 2459 768 2535 bonisa
791 2457 915 2544 malis,
939 2456 1103 2556 quamvis
1126 2475 1221 2530 eum>¹
1243 2475 1321 2528 aon
1346 2451 1457 2535 semel
1479 2455 1788 2554 paralogizantem

398 2572 705 2672 deprehenderim
729 2597 750 2666 3.
777 2571 941 2670 exempli
969 2572 1114 2667 gratia,
1147 2573 1185 2644 in
1218 2567 1411 2644 reddendis
1446 2573 1651 2648 rationibus
1679 2569 1788 2650 retiis

396 2685 647 2766 homodromi*
670 2689 713 2764 dt·
733 2681 1019 2779 beterodromi3‘
1047 2689 1138 2764 item
1163 2683 1494 2786 phaenomenorum
1523 2679 1701 2768 camerae'
1720 2685 1788 2762 ob·
1832 2729 1836 2738 ·

397 2803 552 2892 scurae,
593 2804 652 2881 uel
691 2801 880 2882 Lanterna
915 2805 1077 2898 magice.
1145 2796 1206 2879 De
1246 2802 1390 2901 reliquo
1426 2801 1638 2882 nesciverim
1675 2801 1788 2880 hodie

397 2937 624 3022 quemquam
645 2923 717 3020 qui¹
738 2921 904 3022 suppleat
924 2920 1095 2997 iatiuram
1118 2915 1343 2995 Srnn‘rrrr
1359 2963 1381 3005 ‚·
1403 2913 1468 2994 nili
1497 2917 1587 3000 issrt
1609 2903 1789 3002 Serenu-

398 3059 619 3114 cnzanus
642 3037 765 3112 noster
789 3039 931 3124 senior,
957 3032 1025 3112 Vir
1054 3036 1167 3121 sane,
1196 3031 1260 3110 etfi
1285 3057 1305 3110 a
1334 3037 1492 3134 propriis
1521 3028 1678 3115 inventis
1708 3055 1798 3111 nou

394 3151 503 3229 valde
525 3151 664 3237 clarus,
695 3147 797 3228 mirae
829 3165 952 3229 tamen
972 3149 1163 3233 sedulitatis
1195 3151 1235 3226 u
1257 3143 1426 3228 indefeffl
1445 3149 1590 3232 laboris
1614 3153 1662 3230 in‘
1684 3150 1789 3231 cons-

392 3267 588 3346 cribendis·
602 3265 937 3356 observationibus,
962 3278 1037 3344 tam
1064 3291 1085 3344 a
1108 3265 1144 3342 se
1162 3269 1203 3344 in
1228 3267 1416 3344 itineribus
1442 3267 1517 3352 luis
1538 3267 1586 3348 de
1616 3261 1798 3350 industria

391 3385 595 3469 institutis,
618 3380 729 3483 quam
757 3384 803 3462 ab
833 3377 912 3464 aliis
939 3382 1063 3480 fat'ds3
1086 3385 1177 3460 item
1202 3385 1242 3460 in
1262 3389 1534 3487 componendis
1560 3387 1662 3466 libris
1689 3391 1797 3466 circa·

390 3504 499 3578 ’tatia
525 3497 697 3597 objetta,
713 3497 818 3577 licuti
839 3504 904 3600 qul
931 3498 1101 3576 hedenus
1132 3500 1177 3575 ab
1198 3523 1245 3577 eo
1275 3500 1365 3578 editi
1389 3501 1472 3583 lunt
1495 3504 1638 3616 abunde
1658 3505 1798 3580 testam·
1850 3566 1853 3580 .

397 3633 485 3696 tur:
516 3613 562 3696 lit
580 3637 697 3751 nuper
715 3615 926 3695 admodum
945 3618 1021 3714 ejus
1047 3607 1203 3718 Phpfica
1234 3613 1460 3695 Gemanica
1488 3597 1615 3698 altera
1622 3623 1701 3696 vice
1734 3642 1801 3694 re·

388 3734 507 3824 aula,
536 3735 639 3830 nrjus
659 3731 802 3811 Turnus
827 3735 967 3831 primns
991 3731 1133 3809 Tibi&
1153 3733 1245 3810 mibi
1269 3734 1455 3814 dedicatus
1482 3735 1558 3833 est,
1592 3737 1679 3814 alter
1698 3757 1802 3812 vero·

406 3852 703 3930 Scunocrrro
713 3847 863 3927 Naturae
889 3847 1115 3927 curiosorum
1137 3846 1303 3939 Praesrdi,
1329 3852 1367 3929 de
1389 3850 1679 3931 Zwrnosuo
1704 3848 1791 3929 nol

406 3971 513 4047 trati:
542 3991 624 4044 non
644 3966 889 4044 verodubito
910 3968 1001 4066 quin
1023 3964 1171 4070 Audon
1191 3967 1266 4068 ipse
1296 3967 1384 4045 hoc*
1399 3967 1486 4046 Tibi
1515 3967 1802 4070 jarmfignifica·

406 4088 522 4171 verit,
550 4082 655 4161 limul
683 4073 722 4160 de
751 4083 888 4160 librum
912 4080 1154 4162 tranfinilerit.
1210 4083 1335 4162 Sicubi
1358 4107 1429 4186 pro
1442 4084 1522 4187 ipso
1548 4087 1653 4166 statio
1677 4082 1715 4162 se
1734 4085 1801 4164 of·-

409 4201 525 4286 feret,
560 4201 683 4276 nrinus
712 4199 912 4278 commode
945 4201 1111 4277 enimin
1138 4199 1255 4280 Patria
1290 4205 1408 4306 vivit,
1444 4227 1539 4304 opus
1567 4202 1648 4290 sane'
1684 4199 1801 4281 laude·

412 4306 595 4412 dignum,
625 4310 651 4387 li
683 4315 773 4414 quid
801 4315 913 4415 sapio,
930 4310 1086 4406 faceres,
1113 4315 1141 4394 ll
1169 4343 1250 4397 earn
1273 4319 1325 4396 illi
1354 4341 1574 4421 procurares.

500 4425 681 4524 Quaedam
714 4453 761 4510 ex
795 4436 928 4510 notatis
962 4435 1065 4510 mein
1086 4434 1134 4514 ad
1166 4429 1273 4546 Opus
1298 4429 1590 4516 Newtonienum
1616 4425 1795 4515 ilrtermil'

413 4547 478 4623 oui
510 4569 629 4645 nuper
656 4547 790 4648 scripto
824 4571 932 4638 meo,
959 4551 1174 4632 continente
1201 4553 1423 4636 solutionem
1457 4553 1693 4634 Problematis
1734 4557 1802 4632 in·-

414 4659 507 4741 veru
534 4664 665 4742 virium
691 4669 970 4768 centripetarum
991 4660 1074 4772 (a),
1104 4672 1142 4748 de
1164 4695 1249 4750 curn
1272 4671 1463 4752 Academia
1476 4663 1676 4782 Parifienst
1688 4691 1789 4748 com·

1215 4788 1256 4866 li
1299 4813 1319 4881 3
1672 4791 1804 4868 muni·-

413 4957 724 5135 Cfflgdffileff
749 4961 895 5043 Norimb.
931 4968 984 5047 A'.
1017 4988 1123 5064 1722.
1149 4985 1183 5050 in
1216 4985 1265 5071 4.
1307 4980 1381 5062 W.
1400 4984 1495 5082 lpifl.
1530 4986 1704 5062 CLXX
1722 4982 1810 5058 XI·-

478 5151 993 5256 (ntuoppronetn.
1016 5171 1408 5274 morvlpagm
