5459 6684
806 713 823 753 ³
876 732 1062 869 ω’
1148 772 1626 856 conuenerunt
1668 770 2131 847 sersaotrcuur.

762 986 787 1034 1
839 977 872 1038 6
938 929 1047 1006 quam
1068 901 1267 992 Schedam,
1301 902 1472 979 simodo
1495 926 1551 979 res
1577 920 1653 979 non
1679 900 1787 983 nimis
1809 898 2003 998 impedita
1998 899 2057 979 fin
2082 902 2264 994 interim.
2283 919 2329 987 ut

936 1044 1065 1105 verum
1093 1022 1222 1117 fatear,
1244 1020 1335 1103 talia
1357 1022 1419 1095 uix
1445 1020 1613 1118 amplius
1619 1038 1724 1113 agere
1749 1028 1863 1092 vacat.

1017 1138 1149 1238 Itaque
1176 1159 1246 1216 nec
1275 1136 1497 1233 objesliones
1521 1134 1689 1235 quasdam
1720 1130 1836 1209 Tuas
1845 1131 1890 1209 ad
1916 1132 2129 1215 secundaria
2158 1139 2327 1239 quaedam
2405 1124 2406 1193 ἴ

935 1256 1027 1335 dista
1043 1278 1130 1333 mea
1162 1253 1241 1335 satis
1265 1252 1443 1347 discuti023
1474 1253 1666 1353 prasertim
1692 1272 1779 1341 cum
1806 1248 1998 1338 uideantur
2023 1270 2175 1355 ,captare
2208 1260 2323 1357 magis

933 1374 1064 1475 uerba,
1096 1394 1205 1470 quarn
1234 1393 1386 1447 monere
1416 1371 1516 1469 quod
1543 1374 1581 1445 in
1611 1389 1688 1443 rem
1709 1364 1765 1443 fit.
1832 1430 1837 1437 .
1938 1442 1941 1451 ,

1020 1484 1113 1577 Etfi,
1149 1491 1295 1563 inventa
1321 1487 1473 1587 aequali,
1509 1485 1614 1573 facile
1649 1483 1776 1565 demus
1794 1478 1952 1569 similem
1985 1488 2022 1563 in
2048 1486 2128 1565 data
2153 1488 2318 1580 ratione,

936 1602 1087 1681 anideo
1108 1626 1256 1681 monere
1284 1604 1506 1693 verebimur,
1531 1626 1595 1703 per
1614 1600 1875 1690 ,discausticam
1898 1600 2053 1703 lineam,
2076 1607 2217 1707 quae-in
2243 1604 2322 1687 data

927 1722 1074 1799 eratione
1091 1718 1160 1807 fit,
1183 1720 1299 1799 statim
1320 1720 1356 1794 dr
1376 1720 1588 1797 immediate
1599 1716 1781 1794 exhiberi.

1020 1836 1059 1912 Si
1089 1860 1182 1937 opus
1204 1834 1292 1913 esset
1317 1838 1541 1939 quadraturis
1568 1834 1898 1935 quadraturam,
1930 1833 1992 1913 ,seu
2025 1840 2230 1938 aequatione
2252 1840 2323 1916 dis-

927 1950 1111 2029 serentiali
1139 1953 1289 2047 secundi
1311 1954 1444 2052 gradus
1483 1954 1603 2031 soluta
1627 1978 1638 2045 3
1669 1948 1785 2050 pollet
1812 1950 1942 2029 solutio
1967 1952 2157 2051 proposita
2186 1956 2317 2035 altioris

935 2092 1037 2171 aeque
1057 2071 1190 2169 gradus
1213 2068 1367 2162 censeri.
1424 2070 1536 2149 Nunc
1568 2070 1756 2157 radiorum
1782 2067 1975 2143 concursus
1998 2068 2156 2147 serviunt
2183 2073 2234 2148 ad
2266 2077 2318 2149 in-

929 2188 1145 2263 ⁴ventionem
1175 2190 1212 2264 &
1241 2187 1610 2279 demonstrationem,
1646 2183 1731 2263 uon
1769 2182 1814 2256 ad
1844 2182 2149 2263 construsiionetn
2174 2212 2187 2279 3
2221 2188 2317 2267 linea
2396 2227 2402 2248 =

936 2304 1037 2377 enim
1066 2302 1148 2379 sunt
1176 2302 1376 2385 ordinariae.
1431 2302 1544 2395 Quid
1571 2314 1675 2379 -vetat
1714 2298 1823 2376 etiam
1867 2299 2020 2395 modum
2050 2306 2221 2391 innuere,
2257 2305 2315 2383 etsi

933 2418 1208 2515 impeditiorem
1230 2418 1307 2496 aliis
1324 2422 1434 2497 etiam
1457 2418 1620 2516 Speculis
1646 2412 1802 2503 utendi?
1821 2412 1924 2497 Cum
1941 2415 2050 2515 poffit
2070 2421 2197 2523 aliquis
2217 2426 2317 2501 etiarn

927 2528 1133 2617 desiderare
1147 2535 1255 2623 hoc,
1283 2534 1440 2613 scientiae
1467 2534 1578 2619 causa
1738 2604 1743 2615 .

1021 2648 1208 2731 Postremo
1227 2651 1324 2729 nihil
1345 2652 1486 2729 facilius
1509 2650 1582 2747 est,
1609 2670 1695 2729 cum
1724 2602 1913 2730 infinitas
1902 2670 1940 2725 ru
1957 2664 2139 2753 promptu
2149 2655 2315 2795 habeus,

930 2770 1197 2855 temeritate,
1228 2792 1308 2871 quae
1337 2769 1428 2845 datae
1455 2768 1558 2858 tineae
1586 2769 1833 2865 congruit

1014 2879 1140 2974 Quod
1164 2884 1364 2983 Speculum
1393 2884 1624 2985 Sphericum
1653 2882 1743 2961 utile
1775 2882 1854 2968 fote
1882 2895 2030 2985 putas,
2060 2902 2186 2965 contra
2216 2914 2316 2990 quern
2405 2970 2406 2999 ἢ

929 2996 1120 3090 ‚dixersm3
1150 3023 1246 3099 rogo
1273 3012 1313 3075 ut
1338 3000 1458 3078 adhuc
1482 3000 1591 3075 senrel
1618 2997 1832 3083 consideres
1875 2996 2017 3079 Vereor
2049 3006 2142 3075 enim
2180 3026 2231 3075 ne
2265 3031 2323 3079 ea·
2405 3008 2406 3047 r

932 3112 1025 3188 dem
1053 3136 1161 3195 cursa
1187 3116 1317 3193 redeat.
1349 3115 1462 3199 Nunc
1473 3140 1628 3217 neque
1621 3114 1781 3215 figurant
1806 3116 1851 3195 ad
1875 3138 2017 3205 manus,
2035 3138 2246 3217 sequetem
2273 3118 2315 3191 in

940 3230 1072 3305 aninw
1099 3230 1228 3311 habeo.
1270 3231 1316 3308 Si
1338 3232 1544 3331 sphericum
1566 3232 1737 3351 prodesse
1771 3234 2008 3347 comperias,
2011 3232 2110 3310 hoc
2130 3234 2319 3317 monitum
2405 3300 2406 3303 a

939 3341 1065 3421 Tuum
1092 3347 1260 3443 laudabo.

1005 3458 1085 3539 Diu
1117 3465 1196 3555 est,
1232 3466 1334 3567 quod
1371 3462 1508 3553 aDno
1533 3463 1827 3549 uriniano
1861 3467 1985 3577 nostro
2015 3464 2107 3541 nihil
2134 3461 2246 3551 uidi3
2281 3476 2320 3538 ut

884 3659 894 3679 χ
932 3578 1072 3655 ,adeo
1053 3603 1267 3678 rgnorem,
1300 3608 1346 3662 au
1383 3582 1502 3660 adhuc
1540 3577 1716 3661 Venetiae
1744 3587 1907 3683 cogitet,
1944 3608 1989 3661 an
2015 3579 2204 3659 confilium
2236 3575 2319 3655 illuc

870 3760 874 3768 .
939 3694 1050 3773 eundi
1087 3697 1193 3796 plane
1218 3698 1450 3797 deposuerit?
1477 3698 1546 3793 ,Me
1573 3702 1654 3784 une
1682 3702 1761 3799 itaec
1787 3698 1886 3782 nosse
1924 3722 2068 3803 aequum
2101 3698 2158 3788 est.
2206 3692 2318 3797 QlOd

933 3812 1115 3917 superest,
1148 3813 1303 3906 Vale&
1336 3813 1438 3897 Fare.
1524 3852 1529 3861 ·

752 1062 914 1153 februar.

983 4090 993 4111 ,
1030 4024 1166 4105 Dabam
1195 4033 1371 4109 Hoeven
1397 4026 1807 4117 ,1‚1.Februeriir7,06.,

1842 4214 2135 4334 Deditillimut·
2184 4315 2190 4325 ,

1740 4436 1794 4523 G.
1833 4431 1880 4519 G.
1913 4437 2231 4519 Lnrnurrrun

994 4652 1036 4733 'P.
1060 4652 1102 4729 S.
1134 4652 1262 4732 ‘Indica
1286 4656 1405 4757 quaeso
1430 4654 1634 4744 interdurn,
1654 4659 1748 4760 qnid
1780 4660 1818 4732 in
1849 4655 2117 4734 Mathematitis
2153 4646 2323 4747 Puyficr.
2405 4708 2406 4753 ,

933 4794 1013 4873 que
1046 4782 1209 4865 geratur:
1232 4796 1311 4869 ego
1334 4778 1432 4851 enim
1459 4774 1535 4852 haec
1557 4774 1666 4851 serius
1688 4774 1813 4862 disco,
1838 4773 2031 4877 praesertim
2061 4792 2108 4849 cx
2128 4761 2259 4849 Gallia
2288 4766 2323 4844 u

937 4881 1063 4985 ,Italia
1079 4942 1090 4973 ,
1108 4906 1193 4987 ‚quae
1216 4888 1321 4965 ‚vohis
1349 4892 1476 4972 uicinae
1500 4892 1581 4973 sunt
1602 4894 1786 5011 regiones..
2134 4994 2222 5079 ΕΡ
2243 4988 2318 5078 Η.
2405 4952 2406 5039 3
