5459 6684
2451 324 2464 487 l

989 794 1064 888 132·
1150 886 1154 894 ¹
1242 784 1683 893 conuenerunt
1730 780 2171 861 utrarottcunr.

989 905 1009 999 a
1037 934 1232 1021 tangente.
1255 918 1395 997 inmota
1429 916 1561 1005 scillcet
1593 910 1666 993 nit
1691 930 1862 1014 tanquam
1887 914 2012 992 arculo
2037 910 2247 1017 parabolico
2274 915 2384 1001 osen]

912 1016 923 1034 ⁰
989 1037 1088 1119 laute
1109 1062 1254 1115 curvam
1282 1030 1401 1113 ΑΕΗ
1432 1036 1468 1110 in
1496 1028 1587 1120 aaa
1621 1054 1740 1131 neque
1778 1030 1893 1107 obstat
1922 1032 2024 1129 quod
2061 1036 2095 1111 ἃ
2128 1034 2202 1135 ipse
2234 1040 2380 1115 arcula.

989 1152 1077 1243 ΑΕ,
1100 1154 1185 1232 licet
1213 1140 1352 1231 infinite
1378 1172 1506 1250 parvus
1531 1148 1688 1247 respectu
1713 1170 1829 1225 curvae
1857 1146 1962 1237 AH,
1990 1150 2177 1229 statumen
2204 1156 2379 1233 erretur

993 1272 1135 1349 lineolis
1166 1270 1334 1346 infinitiea
1375 1267 1576 1344 minoribus
1609 1262 1860 1372 compofitut3
1892 1290 1975 1344 nam
2005 1272 2041 1345 δι
2073 1272 2149 1347 hoc
2180 1270 2295 1367 ipsum
2327 1273 2383 1349 os.

904 1456 910 1466 ,
994 1388 1108 1465 tendit
1138 1386 1242 1488 quod
1268 1383 1340 1465 BC
1375 1382 1418 1461 tir
1440 1381 1580 1459 nonnisi
1611 1384 1830 1460 elementum
1859 1404 1949 1463 terae
1979 1390 2031 1463 via
2049 1386 2258 1483 centrilugae
2277 1413 2288 1480 3
2306 1392 2380 1485 pla-

993 1530 1042 1583 ne
1070 1503 1168 1581 enim
1192 1502 1316 1603 judico
1351 1524 1427 1583 tem
1457 1500 1491 1577 se
1516 1498 1648 1576 habere
1678 1502 1781 1577 utin
1816 1503 2025 1598 gravitate,
2063 1528 2142 1605 qnae
2171 1527 2247 1579 non
2277 1504 2378 1597 tun,

994 1612 1056 1699 sed
1083 1619 1232 1697 infinitis
1259 1617 1410 1707 ictibus,
1443 1618 1604 1718 quamvis
1629 1616 1858 1716 tempusculo
1897 1616 2035 1697 infinite
2065 1644 2203 1721 parvo,
2240 1624 2380 1720 produ-

868 1804 873 1813 .
974 1742 1118 1818 ,οἰῐιπτ
1140 1736 1225 1817 aliae
1246 1738 1344 1814 enim
1373 1736 1463 1811 vires
1492 1733 1702 1839 centrisugae
1721 1756 1798 1810 non
1824 1734 1944 1813 sotent
1967 1740 2006 1813 in
2027 1738 2207 1838 duplicata
2236 1742 2384 1817 tatione

998 1857 1254 1940 uelocitatum,
1287 1851 1347 1927 sed
1372 1853 1410 1927 in
1430 1848 1604 1953 lintplici3
1633 1853 1735 1953 quod
1761 1852 1810 1929 eli
1830 1872 1958 1932 contra
1984 1858 2255 1956 experientiam
2288 1853 2385 1937 Haec·

998 1989 1120 2051 umen
1149 1973 1186 2049 u
1212 1970 1278 2049 alia
1311 1970 1388 2077 nori
1417 1980 1584 2067 poterant
1605 1968 1800 2047 satisfacere
1830 1964 2164 2051 Vnntououro
2189 1972 2386 2073 pertinaci-

996 2105 1054 2169 ter
1078 2089 1264 2167 inhaerenti
1290 2086 1354 2163 suo
1376 2090 1515 2175 errori,
1549 2086 1591 2161 δι’
1612 2088 1714 2187 quod
1744 2090 1858 2187 mugit
1878 2092 2040 2181 mireris,
2070 2115 2154 2169 cum
2177 2087 2244 2191 ipss
2260 2090 2383 2169 addu-

842 2218 862 2257 ·'
1000 2230 1121 2287 cerem
1144 2203 1486 2294 demonstrationem
1519 2212 1623 2281 more
1657 2202 1834 2281 Vetemot
1875 2202 2149 2297 adornatetam,
2186 2210 2225 2282 in
2268 2230 2421 2309 quam,

998 2320 1136 2403 scilicet
1171 2322 1270 2400 nulla
1308 2319 1448 2397 infinite
1467 2344 1582 2433 'parva
1617 2322 1900 2423 ingrediuntur,
1924 2326 1961 2403 lic
1990 2348 2059 2428 qua
2086 2323 2285 2427 apodillice
2316 2329 2385 2403 de·

1001 2442 1247 2520 monstrabam
1279 2460 1517 2517 communem
1556 2438 1803 2535 sententiam,
1834 2438 1938 2542 quod
1972 2460 2079 2541 grate
2107 2445 2311 2540 agitatum,
2348 2444 2384 2517 ib

1003 2558 1289 2637 circumferentia
1318 2555 1445 2631 circuli
1477 2556 1741 2645 horizontalis,
1764 2556 1943 2637 celeritate
1969 2561 2098 2660 aequali
2121 2562 2173 2637 illi
2197 2583 2305 2659 quum
2328 2582 2391 2637 ao-

1003 2680 1161 2775 quireret
1186 2672 1350 2752 meando
1384 2692 1431 2747 ex
1451 2671 1645 2749 altitudine
1674 2673 1852 2753 sentiradii
1879 2676 1975 2767 iliius
2000 2680 2148 2769 circuli,
2180 2674 2395 2757 habiturum

931 2798 965 2837 ·“
1003 2792 1048 2871 lit
1078 2798 1152 2869 vim
1174 2790 1412 2887 cenoifogant
1439 2786 1614 2889 aequalem
1642 2789 1711 2869 suae
1738 2798 1920 2892 gravitati:
1946 2795 2137 2889 Etcum,
2165 2788 2287 2871 inilia
2320 2794 2396 2869 de-

1004 2911 1266 2989 monstratione
1300 2901 1582 3006 supponerent,
1613 2924 1787 3009 tanquam
1822 2916 1964 2989 axioma
1988 2964 2000 2998 ‚
2030 2914 2131 3011 quod
2160 2909 2299 2987 mobile
2326 2910 2401 2987 ali-

919 3055 923 3062 ·
1005 3030 1108 3125 quod
1138 3027 1314 3121 agitatum
1334 3014 1439 3123 supet
1461 3048 1570 3102 curra
1598 3024 1740 3123 aitqua,
1768 3026 1806 3099 in
1831 3026 1996 3121 quolibet
2019 3028 2095 3115 ejus
2121 3024 2280 3118 puncto,
2308 3042 2409 3108 eam

1005 3144 1213 3221 habiturum
1260 3138 1306 3221 tit
1348 3144 1423 3218 vim
1464 3140 1705 3235 centrilugant
1733 3159 1758 3223 ·‚
1818 3157 1925 3235 quant
1970 3132 2118 3206 baberet
2162 3126 2187 3205 ll
2237 3128 2410 3223 agitate-

887 3340 891 3345 ,
1003 3272 1066 3338 tut
1101 3252 1229 3359 aequali
1266 3257 1457 3337 velocitate
1498 3259 1602 3357 lup-er
1650 3246 1933 3329 circumferentia
1979 3246 2106 3325 circuli
2149 3263 2299 3325 curvam
2353 3242 2403 3317 iu

938 3352 942 3361 ⁴
1007 3403 1055 3455 eo
1077 3376 1213 3481 puncto
1241 3375 1460 3462 osculantis,
1492 3360 1840 3443 Vnnrououtus
1869 3359 2098 3473 suppositum
2119 3356 2230 3445 hoc,
2258 3370 2399 3457 praetet

954 3517 964 3534 ⁹
1007 3520 1158 3575 omnem
1179 3491 1490 3597 expectationem,
1517 3480 1803 3581 mitti'negavin
1826 3476 2034 3583 asseruitque
2055 3482 2129 3555 vim
2154 3472 2397 3571 centrifugarn

1005 3607 1114 3715 super
1143 3606 1280 3684 circulo
1311 3596 1492 3673 osculante
1524 3590 1674 3693 duplam
1701 3594 1771 3675 elle
1800 3600 1875 3694 ejus
1901 3618 2009 3697 quam
2034 3596 2171 3673 mobile
2196 3590 2304 3673 babet
2335 3588 2397 3668 su·

1005 3740 1206 3833 per-curra,
1234 3716 1272 3787 in
1310 3711 1447 3811 punslo
1476 3712 1629 3807 osculi3·
1669 3718 1771 3812 cujus
1811 3717 1863 3791 tei
1890 3710 2074 3803 falsitatem
2111 3736 2185 3813 ego
2223 3713 2393 3813 protinus

1005 3830 1225 3915 aestuabam,
1245 3828 1273 3922 '[
1299 3826 1403 3929 quod
1431 3826 1523 3906 netu
1552 3828 1656 3907 facile
1685 3830 1775 3908 mibi
1810 3830 1916 3923 erat]
1949 3830 2017 3909 alia
2044 3850 2138 3908 nova
2172 3826 2398 3909 demonstra-

1003 3952 1131 4035 tione,
1164 3970 1235 4043 qua
1264 3946 1468 4045 anagogice
1504 3944 1646 4022 ostendi
1675 3946 1896 4025 manifestam
1920 3940 2021 4049 sequi
2046 3941 2394 4033 contradiffiooetn,

806 4153 812 4160 ,
978 4094 981 4099 ·
1004 4064 1032 4145 ii
1056 4066 1194 4141 dicatur
1217 4062 1412 4142 virentum
1435 4060 1523 4139 duae
1544 4063 1782 4164 centrisugas‚
1815 4058 2110 4166 supercurrat&
2133 4063 2238 4167 super
2253 4062 2396 4143 circulo

796 4188 805 4209 ¹
918 4277 920 4282 ¹
1007 4180 1215 4268 osculante,
1241 4176 1308 4255 else
1335 4176 1559 4281 inaequalea3
1594 4205 1659 4281 pet
1685 4180 1908 4281 consequent
1942 4204 2054 4261 unam
2086 4205 2162 4259 non
2195 4176 2294 4284 polle
2321 4174 2395 4255 elle

891 4322 898 4331 ·
1008 4300 1159 4397 duplam
1182 4298 1353 4391 alterium
1379 4302 1423 4375 ad
1449 4296 1542 4376 banc
1569 4320 1705 4377 novam
1734 4296 2082 4379 demonstrationem
2112 4299 2206 4377 nihil
2228 4296 2400 4375 aliudre-

1007 4416 1129 4520 posuit
1168 4412 1592 4501 Ventouorttne,
1626 4436 1734 4513 quarn
1773 4412 1807 4491 se
1841 4410 1954 4495 multa
1983 4416 2139 4495 dicenda
2169 4417 2294 4495 ridere
2321 4464 2333 4503 ‚
2362 4408 2402 4486 se

1009 4551 1100 4609 nero
1123 4532 1215 4607 velle
1242 4554 1282 4607 ea
1305 4533 1482 4609 reservare
1510 4528 1548 4607 in
1578 4528 1734 4607 redrtum
1757 4553 1889 4609 meum.
1906 4535 1948 4617 in
1967 4526 2132 4613 Patriam.
2167 4530 2282 4631 Quod
2306 4546 2398 4605 veto

1009 4649 1162 4734 babeat,
1192 4672 1237 4725 ne
1271 4652 1328 4725 rel
1359 4646 1558 4726 divinando
1586 4642 1720 4749 assequi
1750 4640 1903 4749 possam:
1930 4648 2013 4731 sunt
2040 4656 2140 4729 enirn
2174 4648 2399 4730 demonstra·

1008 4772 1129 4847 nones·
1163 4784 1253 4842 meae
1278 4766 1353 4861 ejus
1387 4760 1555 4853 roboria,
1585 4776 1626 4842 ut
1640 4768 1708 4841 ret
1740 4764 1929 4847 tartidate
1953 4764 2010 4847 vel
2041 4762 2301 4857 Archimeden
2339 4786 2401 4839 ce·

1009 4888 1095 4966 rlere
1124 4876 1348 4963 nonnullae
1395 4880 1438 4963 ld
1468 4876 1618 4987 quidem
1639 4870 1868 4995 effecerunt,
1895 4886 1999 4995 quod
2023 4884 2402 5077 Vtarouonsrur

2313 5016 2395 5079 uum
