5459 6684
1018 760 1090 841 362
1178 729 2350 834 oonrrrrac'rurrtriteburc-rint.

843 924 951 999 1715·
1016 886 1184 971 rolulllrt
1211 912 1268 967 aaa
1291 886 1513 989 quandoque
1555 896 1668 976 aaut
1696 906 1723 980 4
1750 881 1858 959 lineis
1882 881 2065 958 absoluere
2104 882 2322 983 potuillet.
2376 885 2425 965 li

843 1008 936 1081 Nuv·
1019 1008 1125 1087 detur
1141 1001 1287 1084 voluiffe
1301 1002 1400 1082 Libri
1411 1002 1554 1083 molem
1570 999 1765 1078 extendere
1795 1010 1923 1099 praerer
1947 998 2228 1087 necessitatem,
2271 1000 2350 1076 nili
2365 1007 2421 1081 tir.

1020 1140 1056 1203 te
1090 1128 1262 1223 majorem
1288 1120 1376 1198 inde
1407 1118 1470 1197 libi
1499 1116 1681 1217 gloriam,
1707 1114 1922 1196 nascituram
1950 1119 2139 1217 putauerit
2200 1115 2324 1211 Qua
2350 1123 2417 1199 lter

1020 1242 1168 1339 alicujus
1199 1239 1410 1327 momenti,
1438 1237 1621 1336 praecipue
1650 1235 1804 1311 veroin
1831 1236 1946 1330 prima
1972 1231 2073 1309 Libri
2101 1248 2239 1332 parte,
2282 1261 2328 1313 ea
2352 1262 2413 1317 cer.

1019 1373 1058 1435 te
1094 1360 1265 1459 pleraque
1297 1358 1372 1453 jum
1403 1352 1622 1453 complexus
1650 1350 1755 1438 ium,
1788 1352 1918 1447 partlm
1954 1348 1991 1425 in
2021 1347 2314 1430 schediasmate
2343 1380 2410 1435 mee
2441 1347 2443 1350 ’

1018 1467 1127 1551 Auis
1149 1461 1391 1578 lipsiensibus
1423 1491 1544 1564 1713.
1576 1465 1762 1545 Menlibus
1792 1462 1989 1543 Februario
2019 1469 2058 1542 dr
2084 1464 2235 1545 Martio
2260 1473 2407 1550 inferto.

1018 1594 1152 1693 partim
1187 1592 1225 1665 in
1257 1587 1516 1689 posterioribus
1552 1584 1741 1687 Capitibus
1778 1579 1914 1659 Libelli
1950 1586 2023 1659 mei
2052 1582 2193 1661 Gallici
2221 1575 2275 1662 de
2297 1593 2410 1691 praxi

1016 1706 1183 1785 nautica.
1231 1702 1419 1799 Quosdam
1441 1706 1551 1780 etiam
1570 1704 1694 1778 notavi
1723 1699 1999 1802 paralogismos.
2053 1692 2228 1779 Modum
2254 1708 2405 1787 conlide-

1017 1826 1120 1903 randi
1147 1822 1282 1899 vetlem
1300 1823 1347 1897 in
1371 1821 1543 1898 omnibus
1556 1820 1626 1897 suis
1644 1817 1785 1918 punttir
1804 1817 2000 1915 impulsum
2026 1842 2046 1894 a
2072 1826 2259 1919 potentiis
2281 1832 2402 1904 vanna

1019 1944 1136 2037 tibus,
1166 1962 1278 2040 quem
1305 1961 1378 2037 ego
1405 1937 1555 2014 adhibui
1585 1937 1624 2013 in
1654 1957 1738 2011 meo
1767 1930 1913 2011 Libello
1937 1959 2006 2035 pro
2031 1939 2257 2018 invenienda
2291 1952 2396 2023 medii

1019 2059 1213 2138 direilione
1236 2058 1483 2157 potentiarum
1502 2053 1646 2142 uelum,
1672 2049 1897 2151 superficiem
1918 2054 2038 2141 uaris,
2068 2055 2128 2130 uel
2152 2058 2238 2135 aliur
2264 2086 2394 2162 corpo.

1018 2180 1066 2253 ris
1091 2172 1318 2274 superficiem
1344 2172 1636 2271 impellentium,
1665 2166 1766 2247 Har
1781 2190 1977 2245 manuus
1999 2169 2069 2247 [ibi
2091 2195 2227 2273 quoque
2242 2197 2391 2275 arrogat

1018 2296 1058 2369 in
1085 2292 1145 2369 sua
1184 2288 1424 2385 Praelatione3
1450 2287 1512 2365 led
1538 2311 1614 2388 quo
1643 2288 1723 2383 jure
1752 2286 1883 2361 nescio.
1943 2284 2050 2363 Dicit
2083 2291 2209 2389 qudem
2239 2316 2294 2369 me
2321 2301 2371 2370 ei-

1018 2406 1106 2487 dille
1136 2405 1421 2507 manuscriptum
1446 2406 1576 2493 suum,
1604 2402 1704 2503 quod
1733 2424 1812 2478 nou
1841 2425 1974 2500 neg03
2010 2429 2059 2480 an
2094 2422 2212 2484 autem
2223 2408 2378 2486 ihm
2441 2467 2443 2476 .

1019 2540 1115 2603 mata
1148 2524 1224 2601 huc
1254 2523 1422 2600 facientia
1446 2522 1538 2598 inibi
1564 2534 1702 2619 reperta
1724 2520 1885 2606 fuerint,
1914 2532 1958 2596 ut
1981 2524 2131 2611 innuit,
2158 2538 2254 2602 certe
2277 2527 2374 2604 alleu-

1017 2664 1096 2719 rare
1124 2664 1200 2717 uon
1230 2638 1386 2741 polium,
1437 2637 1537 2717 Male
1565 2637 1686 2738 itaque
1708 2641 1802 2733 agit,
1821 2638 1970 2736 quando
1988 2639 2035 2715 ad
2051 2646 2272 2721 memoriam
2290 2669 2365 2720 mea

1018 2758 1189 2859 appellat
1234 2755 1441 2849 Quomodo
1471 2758 1570 2832 enim
1602 2748 1802 2857 quanrubet
1827 2756 2020 2831 minutiam
2052 2760 2241 2837 attendere
2268 2764 2373 2862 potui

1018 2874 1115 2961 fem,
1147 2873 1242 2951 intra
1269 2875 1422 2950 biduum
1446 2873 1503 2947 rel
1531 2868 1720 2959 tridruam,
1744 2892 1820 2971 quo
1847 2868 2129 2972 manuscriptum
2160 2882 2238 2974 ejus
2260 2879 2378 2980 perlul

1016 3003 1108 3065 trare
1142 2990 1234 3065 mihi
1258 2990 1383 3065 datum
1403 2988 1495 3064 fuiti
1521 2983 1689 3063 Profetlo
1718 3009 1797 3063 non
1820 2987 1921 3066 aliter
1947 2986 2159 3067 conlidemvi
2182 3018 2296 3092 quam
2322 3001 2385 3073 mi

1016 3107 1177 3192 nuttam,
1204 3102 1243 3179 id
1272 3103 1373 3203 quod
1397 3105 1470 3201 iam
1496 3102 1603 3182 illum
1635 3118 1677 3181 ut
1710 3098 1834 3201 magni
1866 3104 1955 3207 quid
1980 3107 2134 3182 aellimare
2153 3106 2294 3198 uideo,
2328 3137 2385 3189 cu-

1014 3222 1072 3321 jus
1099 3216 1133 3299 le
1165 3240 1314 3297 mecum
1346 3222 1578 3298 inuentorem
1606 3218 1729 3297 audire
1746 3220 1875 3323 'gestit
1931 3220 2035 3300 Nihil
2057 3227 2178 3326 utique
2195 3230 2380 3307 naturalius

998 3324 1089 3423 eli,
1104 3336 1196 3413 nihil
1215 3338 1330 3437 magle
1353 3337 1507 3416 obvium
1538 3360 1652 3438 quam
1682 3336 1813 3413 reterre
1838 3344 2020 3437 potentias
2043 3355 2191 3441 egenter
2216 3346 2255 3420 in
2274 3346 2379 3447 luper-
2405 3329 2409 3380 ³

1018 3454 1140 3535 ficiem
1162 3454 1321 3556 aliquam
1343 3455 1389 3533 ad
1413 3456 1549 3532 veitem
1578 3455 1858 3550 inreginarium,
1886 3458 2143 3557 prolongando
2171 3485 2303 3563 nempe
2330 3488 2379 3541 ro

1018 3594 1104 3649 rum
1130 3566 1357 3649 direfflonee.
1404 3568 1503 3649 Dedi
1528 3570 1605 3649 hoc
1630 3572 1669 3646 in
1690 3562 1835 3646 Libello
1861 3596 1945 3651 meo
1971 3566 2044 3651 line
2066 3577 2137 3652 ulla
2158 3601 2315 3681 pompa3
2336 3586 2377 3657 ni·
2414 3663 2418 3690 Ι

1019 3688 1072 3765 hil
1103 3690 1240 3791 quippe
1273 3688 1343 3766 hic·
1361 3687 1559 3789 suspicabar
1588 3685 1750 3785 iatiantia
1774 3686 1940 3786 dignum,
1997 3684 2129 3772 Habeo
2149 3720 2256 3785 vero,
2285 3702 2375 3775 ut&
2414 3697 2418 3706 '

1016 3804 1093 3883 hoc
1117 3804 1266 3894 addam,
1297 3805 1402 3909 quod
1425 3827 1556 3905 querar
1590 3802 1640 3881 de
1674 3802 1970 3902 Hariolum,
1994 3806 2064 3887 five
2090 3834 2169 3889 non
2193 3812 2269 3892 satis
2293 3815 2374 3891 felii

1016 3926 1215 4013 memoria,
1245 3920 1315 4001 lire
1347 3946 1427 4001 uon
1452 3916 1643 3999 sufficienti
1673 3920 1848 4001 candore.
1896 3918 2055 4003 ‚Etenim
2079 3931 2229 4031 quando
2255 3936 2294 4009 iu
2316 3934 2373 4032 dp·

1017 4038 1170 4136 pendite
1205 4056 1286 4139 pag.
1321 4062 1412 4133 393.
1442 4041 1479 4115 in
1504 4038 1576 4116 fine
1602 4034 1767 4117 audacter
1794 4039 1883 4118 dicit
1912 4040 2086 4120 nnm‘nem
2114 4032 2260 4137 aium,
2295 4046 2374 4152 prud

990 4220 993 4225 .
1007 4145 1131 4260 scint,
1162 4143 1412 4264 dnmrfiraffi
1435 4179 1597 4261 aquam,
1619 4143 1787 4233 aliumve
1812 4146 2013 4262 liquorern,
2048 4187 2092 4239 ea
2120 4151 2309 4241 uelocitate
2328 4190 2372 4240 ea·

1016 4260 1109 4376 orso
1136 4288 1324 4381 rrumpere
1352 4297 1467 4383 quern
1500 4296 1602 4379 aque
1632 4270 1794 4375 gurtulae
1823 4267 1961 4472 ονὶίὶιίο
1992 4276 2170 4385 proxima
2201 4284 2372 4385 acquirere

1012 4380 1124 4497 potest
1151 4448 1164 4483 ¹,
1194 4383 1283 4491 'castr
1321 4380 1520 4470 accelerato
1549 4414 1604 4465 ex
1631 4378 1844 4466 altitudine·
1882 4395 2012 4497 ‘queris
2030 4384 2152 4503 firprcr
2180 4398 2368 4499 eriphiam
2441 4409 2443 4462 l

997 4500 1159 4584 'Leilori
1183 4508 1395 4609 persuadere
1419 4520 1574 4587 conabar
1602 4497 1818 4605 septimum
1839 4504 1939 4587 soille
1963 4506 2071 4610 hujus
2096 4518 2148 4591 rei
2173 4518 2366 4594 demonstra·
2432 4607 2436 4618 Ι

898 4674 914 4686 υ
1017 4633 1148 4697 torem.
1192 4626 1263 4701 Sed
1291 4628 1451 4725 imponit
1473 4618 1779 4717 Ledlori3habuit
1796 4628 1894 4702 enim
1918 4621 2290 4711 demonstrationem
2306 4660 2365 4721 me,
2433 4635 2437 4646 '

1018 4757 1065 4811 eo
1097 4750 1284 4838 tempore,
1319 4766 1396 4841 quo
1431 4765 1478 4823 ex
1511 4725 1831 4837 [tabescebam
1859 4736 2059 4825 &tantum
2092 4749 2217 4837 abest,
2249 4765 2288 4827 ut
2315 4742 2368 4828 all·

1016 4876 1125 4951 quam
1158 4868 1260 4933 antea
1303 4858 1469 4936 babuerit
1503 4849 1872 4949 demonstrationem,
1899 4876 1942 4941 ut
1970 4888 2056 4945 cum
2089 4867 2363 4968 interrogation,

1203 4972 1238 5039 0
1640 4979 1645 4988 '
1712 5039 1715 5046 .
2216 5006 2222 5017 ·
2293 5010 2368 5063 nruu
2437 4997 2438 5002 '
