5459 6684
432 785 1771 884 neruum!arneltrvouaom,Errsr.chV11.e7

376 963 416 1022 re
440 936 619 1021 volueris,
654 926 792 1032 poteris
830 914 877 1004 ad
915 933 975 1000 me
1006 907 1161 1013 dirigere
1200 901 1371 1009 litterasss
1406 935 1599 1022 promptus
1629 944 1693 1002 ero
1732 925 1768 997 in
1787 953 1889 1026 1702.

377 1054 548 1137 curando.
1672 1079 1678 1088 -
1778 1035 1912 1131 Jarruar.

456 1175 500 1250 ln
531 1191 607 1270 quo
638 1159 802 1242 consistat
829 1157 918 1233 noui
950 1155 1020 1227 mei
1052 1152 1250 1230 Barometri
1272 1154 1433 1230 inventio
1465 1151 1578 1232 disces
1600 1180 1647 1238 ex
1672 1160 1767 1237 litte.

375 1295 422 1370 ris
452 1287 948 1366 hiuscuerreaouerrrr
982 1268 1132 1356 Artificis
1161 1260 1351 1372 Leyderfis
1385 1269 1429 1345 ad
1459 1293 1518 1352 me
1557 1273 1667 1346 datis:
1699 1273 1765 1352 Vi.

369 1406 480 1482 ‚debis
509 1401 712 1483 struiluram
735 1392 831 1476 haud
865 1389 969 1466 valde
998 1385 1064 1461 esse
1094 1385 1357 1485 compositam,
1389 1387 1530 1464 duobus
1557 1390 1692 1487 quippe
1708 1403 1765 1474 tu.

372 1523 456 1608 bis,
484 1515 643 1594 verticuli
676 1534 785 1598 uno,
817 1503 1067 1604 hampton,
1095 1503 1317 1584 horizontali
1343 1503 1455 1580 altero
1482 1505 1519 1579 ἃ
1545 1505 1725 1601 graciliori
1748 1562 1761 1594 ,

369 1651 501 1718 totum
531 1633 720 1730 negotium
748 1622 1024 1708 absolventibus,
1059 1618 1175 1712 Quod
1194 1618 1322 1696 Gerar
1338 1641 1481 1714 urus,
1501 1618 1759 1718 Hoourus,

239 1797 248 1810 ·
374 1756 412 1832 dc
434 1753 520 1838 alii,
551 1745 803 1846 multiplicatas
830 1740 1029 1828 Barometri
1049 1739 1260 1814 variationes
1281 1739 1494 1816 tentaverint
1519 1761 1583 1835 per
1603 1739 1757 1828 rotulas,

298 1889 300 1894 ·
368 1867 639 1967 cylindrulos‚
678 1861 830 1960 aliasque
868 1854 1125 1940 mathanias,
1167 1875 1243 1930 non
1287 1855 1458 1952 equidem
1489 1855 1659 1950 ignoro,
1699 1855 1761 1938 sed

365 1990 503 2086 ignoro
538 2007 584 2066 au
615 1985 654 2058 in
681 1980 784 2080 praxi
817 1975 933 2059 ullum
961 1968 1382 2063 circumlatrantum
1417 1969 1624 2067 hujusmodi
1661 1976 1761 2050 enim

366 2102 586 2182 machinulae
614 2100 664 2175 ob
688 2097 912 2181 friiiiouem,
949 2089 1088 2190 aliaque
1117 2089 1272 2171 materia
1303 2087 1563 2176 incommoda,
1588 2111 1668 2166 non
1687 2091 1762 2187 pri.

367 2243 428 2294 ma
456 2219 573 2294 statim
602 2217 690 2294 airis
717 2213 916 2288 mutatione
949 2208 1088 2306 moveri
1120 2201 1293 2303 ponunt,
1328 2203 1386 2280 sed
1422 2204 1578 2282 colledis
1610 2205 1761 2285 demum

372 2333 561 2420 successive
583 2331 747 2432 pluribus
772 2329 900 2410 mutati
924 2327 1011 2400 airis
1037 2321 1231 2420 gradibus,
1255 2320 1469 2404 machinula
1495 2344 1566 2400 una
1591 2324 1696 2408 vice,
1721 2323 1759 2400 dc

373 2449 475 2548 quasr
500 2471 564 2545 per
597 2449 745 2529 saltum,
772 2444 933 2540 superata
954 2437 1144 2524 tristiore,
1173 2451 1369 2522 moventur
1389 2465 1404 2533 ‚3
1433 2437 1524 2519 adeo
1549 2451 1592 2524 ut
1618 2451 1759 2522 tantum

374 2561 491 2648 absit,
519 2573 562 2640 ut
598 2553 803 2660 hujusmodi
825 2555 1030 2639 Baromelra
1067 2577 1132 2650 per
1156 2553 1379 2630 machinulue
1403 2553 1621 2628 insensibiles
1647 2555 1756 2631 varia,
1887 2582 1891 2590 ·

375 2683 498 2760 tiones
525 2675 685 2760 indicare
717 2670 882 2772 possint,
920 2681 960 2746 ut
985 2669 1108 2767 potius
1129 2667 1368 2750 sensibiliores
1400 2672 1510 2746 etiam
1529 2666 1752 2751 diffimulent,

373 2794 508 2876 Meum
535 2815 625 2873 vero
659 2790 907 2869 Baronretrum
928 2845 940 2874 ,
963 2807 1053 2862 eum
1086 2807 1150 2883 per
1184 2786 1366 2885 liquorem
1397 2786 1515 2884 ipsum
1546 2788 1755 2862 variationes

373 2911 564 2996 ostendat,
596 2910 683 2985 huic
708 2903 951 2982 incommodo
991 2923 1066 2976 uon
1098 2901 1150 2978 est
1191 2901 1405 2978 obnoxium.
1469 2901 1561 2984 Cum
1594 2895 1757 2982 Lutetia

370 3025 504 3112 elliam,
542 3045 727 3122 nunquam
756 3021 876 3103 audivi
910 3017 948 3100 H
958 3039 1143 3098 uuruura
1172 3016 1361 3098 elaborasse
1394 3017 1643 3096 Barometrum
1672 3018 1755 3095 Hu-

363 3141 582 3246 geuianmn;
611 3138 669 3213 sed
702 3137 909 3222 concedes,
936 3146 1052 3232 puto,
1089 3131 1214 3234 quod,
1243 3147 1369 3231 praeter
1392 3136 1577 3213 limitatam
1610 3133 1755 3214 effedur

372 3258 752 3358 multiplicationem,
797 3255 834 3336 ἃ
878 3248 1063 3334 difficilem
1097 3251 1270 3332 orborum
1306 3252 1512 3332 struduram
1554 3277 1755 3353 eorumque

373 3375 697 3473 adimpletionem,
728 3395 808 3447 non
834 3369 938 3446 facile
962 3370 1071 3444 etiam
1099 3367 1336 3457 constestati,
1361 3371 1479 3447 nrulto
1504 3373 1626 3449 miuus
1644 3371 1756 3446 trans.

371 3495 514 3596 portari
539 3489 672 3590 poilrt,
700 3489 738 3565 id
758 3487 858 3588 quod
885 3487 1042 3586 pretium
1077 3487 1152 3582 ejus
1177 3484 1333 3568 multum
1356 3490 1551 3568 imminuit

451 3603 566 3701 Quod
609 3605 840 3706 Phosphorus
877 3625 978 3682 meus
1010 3601 1196 3702 spoliantis
1232 3601 1330 3680 Aule
1360 3604 1523 3704 plausum
1551 3603 1717 3681 habuerit
1736 3600 1753 3692 ‚¹

334 3801 337 3806 .
372 3725 476 3806 valde
501 3727 600 3810 laetus
639 3723 816 3804 intellexi
879 3716 994 3814 Quod
1028 3739 1114 3798 vero
1144 3719 1273 3818 dignus
1296 3719 1406 3806 fuerit
1438 3721 1653 3809 aestimatus,
1684 3725 1748 3822 qui

373 3842 480 3942 iplius
503 3842 612 3942 Regis
644 3845 680 3918 ἃ
707 3839 857 3939 Regrnae
876 3836 1004 3916 oculos
1027 3839 1064 3914 in
1089 3835 1122 3912 se
1147 3851 1394 3928 converteret,
1422 3840 1459 3917 id
1478 3840 1627 3941 quidem
1646 3862 1748 3934 mag-

373 3983 422 4036 no
447 3961 585 4048 honori,
621 3957 712 4042 mihi
751 3959 864 4042 duco,
891 4015 901 4032 ,.
1004 4011 1045 4036 ..,
1047 4007 1444 4038 ,,,,,,,,,,,
1470 4028 1473 4036 ,
1474 4010 1740 4036 ........

378 4187 449 4264 Sed
481 4214 554 4274 non
585 4191 728 4290 polium
753 4216 832 4268 uon
861 4187 1163 4286 dolerelimul,
1195 4189 1298 4287 quod
1328 4185 1594 4286 Phosphorus,
1634 4211 1744 4288 quem

374 4303 461 4384 Tibi
495 4304 593 4392 misr,
615 4307 675 4382 ille
700 4305 741 4382 fit
764 4327 898 4407 queen,
928 4307 1020 4382 inter
1044 4305 1165 4406 plures
1190 4325 1283 4404 quos
1311 4307 1349 4380 in
1373 4317 1496 4402 parato
1518 4305 1662 4392 habeo,
1694 4305 1763 4380 se-²

371 4422 445 4520 legi
469 4437 621 4521 propter
642 4427 853 4522 parvitatem
880 4421 1012 4512 molis,
1043 4437 1085 4502 ut
1109 4419 1309 4502 commode
1331 4445 1397 4520 per
1421 4423 1601 4502 cursorem
1625 4422 1745 4522 publi·
1803 4489 1808 4494 .

371 4561 455 4615 cum
492 4537 611 4639 pollet
638 4541 855 4633 transmitti3
894 4539 1079 4641 adeoque,
1110 4553 1154 4618 ut
1177 4559 1300 4614 verum
1332 4538 1461 4626 fatear,
1495 4541 1588 4618 inter
1611 4563 1741 4618 omnee

368 4655 532 4754 reliquos
559 4661 751 4739 minimum
782 4655 974 4758 splendet,
1006 4658 1056 4738 ob
1082 4656 1266 4738 modicam
1293 4659 1399 4733 nimis
1425 4660 1591 4738 mercurii
1618 4658 1744 4736 incluse

371 4775 615 4871 quantitatem.
657 4775 750 4870 Quis
776 4787 896 4852 autem
921 4771 1111 4876 cogitasset
1139 4771 1195 4850 Te
1220 4773 1399 4854 levidense
1431 4775 1520 4850 illud
1541 4773 1743 4874 Phosphori

369 4886 573 4984 vasculum,
607 4893 710 4995 quod
739 4890 825 4974 Tibi
859 4891 926 4969 soli
955 4889 1059 4986 mili,
1097 4902 1141 4966 ut
1174 4894 1312 4972 inventi
1346 4896 1530 4977 veritatem
1566 4893 1739 4974 videres.

1062 5005 1081 5089 l
1139 5027 1166 5110 a
1180 5026 1184 5035 ²
1623 5003 1746 5108 postea
