5459 6684
2193 525 2235 610 Ὶ

922 783 946 847 6
1036 731 2185 868 commaacruuaarraosrcuar.

752 972 789 1040 1
775 967 856 1024 00
920 951 987 1006 non
1008 909 1125 1034 ΜΞ,
1158 919 1196 998 id
1227 943 1314 1000 vero
1344 941 1421 998 non
1444 917 1633 1018 concedo;
1663 943 1747 1000 nam
1772 946 1792 1002 a
1815 922 1915 1026 polle
1946 925 2087 1010 adello
2115 941 2307 1020 nonralet

747 1049 847 1122 llarr.
920 1041 1183 1142 consequentia.

984 1159 1042 1236 De
1071 1153 1247 1232 Wsaur
1259 1177 1339 1232 sro
1361 1152 1504 1233 securus
1528 1153 1597 1234 elie
1621 1169 1762 1256 potes·
1785 1157 1877 1244 mihi
1896 1169 1994 1254 certe
2010 1183 2112 1242 nunc
2132 1163 2231 1246 visus
2254 1173 2306 1249 est

784 1319 790 1338 ·
923 1269 1215 1366 humanissimus,
1245 1294 1315 1350 nec
1339 1272 1582 1374 dubitoquin
1613 1288 1650 1348 te
1669 1276 1793 1372 magni
1810 1273 1926 1352 faciae

980 1387 1091 1466 Plane
1118 1387 1276 1484 agnol'co
1308 1393 1347 1466 ia
1374 1392 1528 1488 negotio
1546 1387 1711 1468 sectionis
1743 1413 1860 1468 cnrvae
1881 1393 2095 1490 parabolica
2114 1397 2216 1476 aliter
2232 1399 2306 1478 Te.

924 1531 1011 1584 cum
1044 1505 1227 1602 agendum
1259 1503 1359 1600 soille
1383 1499 1481 1620 (3);
1510 1509 1549 1584 ἃ
1581 1507 1675 1601 nihil
1698 1530 1770 1606 ego
1789 1510 1912 1608 ¹magis
1936 1509 2095 1610 probo,
2132 1539 2240 1615 quam
2262 1533 2306 1596 ut

923 1627 1024 1712 suum
1055 1625 1186 1724 cuique
1215 1621 1324 1702 decus
1351 1625 1500 1702 constet.

1002 1741 1174 1820 Libenter
1212 1743 1332 1818 videre
1357 1741 1516 1830 aelim,
1551 1765 1669 1843 ,quam
1701 1739 1872 1821 Domino
1912 1739 2153 1825 Vonuan-o
2181 1751 2305 1830 mililti
2375 1808 2382 1822 ·
2444 1773 2450 1784 ·

923 1862 1265 1940 demonstrationem
1285 1859 1492 1936 ascensuum
1515 1864 1778 1940 continuorum
1799 1863 1870 1937 &
1858 1877 2154 1962 rnterroptorum.

980 1975 1096 2053 Volui
1117 1990 1164 2051 ut
1190 1973 1383 2074 Epistulam
1398 1977 1582 2054 sometatis
1609 1977 1733 2078 Regiae
1756 1979 1915 2134 rideres,
1943 1982 2055 2082 qualis
2076 1981 2205 2084 scripta
2231 1980 2303 2070 est,

922 2123 968 2182 ne
995 2095 1040 2172 de
1063 2091 1222 2170 velfiolle
1253 2094 1406 2175 dubitari
1435 2092 1551 2194 polsrt,

981 2213 1075 2290 Cum
1105 2210 1145 2285 sis
1182 2213 1303 2287 incola
1331 2203 1451 2316 Belgii
1481 2211 1678 2304 faederati,
1715 2217 1817 2313 cujus
1849 2240 1946 2317 opes
1977 2214 2212 2317 potissima
2201 2241 2241 2292 ιιι
2267 2239 2307 2291 re

873 2324 875 2329 ’
923 2333 1065 2406 nautica
1098 2326 1168 2402 fita
1200 2327 1313 2430 sunt,
1350 2329 1513 2448 profesio
1544 2334 1580 2403 te
1612 2331 1801 2429 dignum,
1831 2337 1916 2410 &
1904 2337 1947 2410 ris
1973 2335 2071 2434 apud
2109 2358 2202 2434 qnos
2227 2334 2308 2431 agir

921 2461 1156 2546 pergratum
1158 2443 1239 2519 sore
1265 2459 1417 2546 putem,
1416 2425 1477 2520 li
1505 2445 1550 2525 ad
1579 2450 1632 2522 rei
1658 2449 1793 2525 navalis
1811 2450 1992 2534 seientiam
2019 2451 2310 2526 mathematicam

820 2625 823 2646 .
922 2563 1073 2638 subinde
1107 2563 1348 2660 cogitationes
1383 2563 1556 2653 conferas.
1617 2561 1732 2650 Porro
1760 2563 1991 2650 Hosarus
2020 2568 2192 2646 haiienus
2218 2567 2310 2642 mihi

921 2677 1145 2786 potissimum
1172 2703 1211 2755 ea
1241 2682 1278 2756 in
1306 2695 1407 2778 parte
1435 2702 1556 2781 operae
1581 2686 1747 2780 pretium
1768 2683 1891 2760 iecisse
1918 2685 2086 2772 videtur,
2125 2708 2205 2782 quae
2233 2684 2310 2777 agit

923 2797 968 2873 de
996 2797 1264 2884 evolationibus
1303 2795 1483 2872 Clallium.
1547 2795 1818 2890 Argumentum
1859 2823 1935 2872 non
1964 2799 2014 2870 est
2040 2795 2211 2879 difficile,
2248 2791 2309 2867 sed

921 2937 1062 3006 magnae
1084 2925 1205 2983 tamen
1241 2908 1433 2983 utilitatis:
1465 2931 1534 2982 nec
1561 2903 1690 2988 dubito
1724 2913 1813 3008 quin
1842 2910 1873 2983 ÷s1
1902 2913 2064 2984 animum
2101 2908 2306 3001 adjiceres,

923 3027 1037 3102 multa
1070 3021 1117 3115 nlis
1147 3021 1347 3108 descituras
1378 3023 1504 3100 Antoni
1535 3017 1590 3097 illi
1623 3046 1700 3102 non
1737 3023 1925 3124 perspesla.
2002 3020 2146 3098 Vellem
2187 3036 2308 3095 autem

922 3140 1171 3240 traiiaristylo
1196 3135 1475 3216 Geometrarum
1506 3136 1723 3228 scientifico,
1751 3140 1829 3216 hoc
1855 3141 1904 3216 est
1929 3137 2114 3215 vocabulis
2138 3159 2212 3212 non
2231 3135 2308 3235 ple-

919 3261 1039 3347 beiis,
1068 3259 1130 3340 seu
1165 3258 1338 3342 nauticis,
1365 3269 1408 3331 ut
1432 3255 1477 3332 ab
1508 3255 1572 3331 illo
1604 3255 1760 3341 tanum,
1786 3281 1866 3354 quae
1902 3281 1971 3357 pro
2007 3255 2213 3332 nationibus
2248 3273 2307 3326 va-

803 3465 806 3470 ,
920 3379 1036 3468 aiant,
1061 3374 1123 3454 sed
1144 3371 1422 3459 universalibus,
1452 3373 1531 3458 ‚hoc
1558 3374 1608 3450 est
1631 3371 1902 3467 ¹,Geometricisi
1932 3373 2074 3471 adjeslis
2094 3387 2212 3446 tamen
2228 3386 2306 3442 ver-

922 3497 974 3572 bis
1008 3491 1259 3594 phrafibusque
1293 3492 1508 3578 maritimis,
1542 3514 1618 3580 non
1654 3471 1805 3566 Gallicis
1832 3505 1993 3575 tantum,
2027 3487 2089 3563 sed
2124 3487 2161 3560 isa
2190 3481 2306 3559 Bata-

921 3611 1006 3704 vis,
1038 3615 1075 3684 &
1100 3609 1295 3700 salicetet,
1327 3613 1434 3682 etiam
1456 3603 1625 3707 Anglicis.
1672 3605 1719 3685 Et
1738 3632 1823 3702 cum
1839 3629 1975 3696 ,caeterae
2004 3620 2123 3704 partes
2148 3601 2305 3675 scientiae

919 3725 1077 3812 nauticae
1099 3721 1166 3798 fint
1198 3724 1484 3800 Architestorum
1505 3725 1548 3804 ,δι
1569 3721 1821 3809 Praesesiorum
1851 3729 2064 3801 minorum:
2091 3719 2169 3794 hacc
2197 3737 2306 3815 quam

924 3843 1001 3936 dixi
1027 3839 1247 3916 nobilior&
1271 3839 1423 3935 Ducum
1443 3842 1591 3939 propria
1618 3843 1676 3917 est.

947 4029 948 4036 ι
1005 3956 1097 4033 Mihi
1119 3957 1258 4032 videtur
1273 3979 1323 4050 aa
1348 3957 1395 4032 de
1421 3959 1551 4056 quibus
1577 3981 1667 4053 ..pum
1693 3951 1829 4033 Fratre
1852 3957 1937 4036 Tuo
1964 3957 2005 4031 lis
2030 3951 2102 4040 est,
2137 3975 2214 4028 non
2237 3946 2305 4025 else

920 4075 1034 4174 tanti,
1064 4089 1104 4150 ut
1126 4071 1340 4156 fimultatem
1371 4077 1464 4169 inter
1490 4099 1559 4150 -vos
1588 4075 1683 4152 alere
1704 4067 1897 4161 debeant'
1924 4073 2049 4172 ltaque
2078 4073 2184 4169 plane
2216 4066 2303 4144 Dni.

923 4189 1246 4270 vlaraaoan
1273 4187 1461 4270 confilium
1487 4189 1633 4289 probo,
1667 4206 1869 4288 optemque
1893 4191 2086 4264 amicitiam
2117 4189 2210 4261 inter
2240 4205 2306 4257 ros

925 4290 1185 4402 reilintegrari3
1217 4321 1311 4384 certe
1344 4305 1519 4404 supprimi
1547 4306 1723 4406 quicquid
1752 4309 1920 4406 utrinque
1948 4304 2152 4382 offendere,
2170 4301 2302 4398 pollii,

923 4423 1012 4498 vale.
1070 4441 1075 4450 ·
2278 4455 2283 4465 ·

1031 4529 1164 4604 Dabam
1186 4485 1358 4610 sinuaverat
1382 4542 1419 4614 ·8
1447 4534 1562 4605 Martii
1589 4549 1607 4602 a
1613 4551 1696 4620 700
1796 4533 1803 4546 '
2187 4613 2190 4616 ⁴

1808 4628 2066 4716 Deditissrmus.

1334 4807 1338 4813 .
1458 4737 1682 4859 Godasrisus
1706 4739 1914 4826 Gulielmus
1939 4746 2309 4939 Ιιιιιιιιιιῖῐιέιῖς

813 5119 815 5124 .
961 5023 1115 5132 <uva
1132 5025 1232 5117 apin
1249 4929 1820 5137 animumanimumum,
1836 5013 2304 5110 uoo,1aocV,Lxxv1
