5459 6684
485 733 805 828 euremari
828 727 904 800 Η
932 724 1356 816 Bellissimum
1383 732 1543 806 Erana.
1572 729 1696 806 CXV.
1760 748 1806 823 4¹

424 879 549 980 quibus
583 891 682 948 nunc
706 863 797 944 Tuae
822 846 948 958 alieno
972 845 1091 932 modo
1107 849 1279 935 adversari
1303 856 1490 950 videntum
1515 861 1555 938 id
1569 863 1672 960 quod
1696 859 1930 970 R'01·17or.

421 1018 502 1072 nro
534 1009 672 1072 norant
703 973 898 1072 cavillandi
935 970 1051 1062 ansam
1084 969 1288 1072 praeberet,
1323 968 1548 1074 lintresque
1589 975 1727 1064 visurus
1760 980 1931 1061 sinlei·

418 1111 477 1198 set.
825 1151 826 1157 κ
1468 1133 1473 1138 -

472 1222 719 1324 Quantumad
728 1221 966 1322 aequationem
981 1197 1029 1302 a(
1020 1198 1512 1324 Γύγεω-’.ω
1524 1217 1573 1300 4.
1585 1214 1808 1312 ‘stbbssa

331 1359 338 1370 '
421 1351 525 1444 cujus
557 1347 714 1422 maxima
742 1337 799 1418 vel
822 1335 970 1412 minima
993 1333 1205 1432 ordinatay
1230 1329 1446 1406 invenienda
1472 1329 1514 1407 srt
1532 1325 1619 1430 (r);
1649 1331 1808 1413 oelculu.

421 1461 667 1542 differentialis
690 1457 750 1534 dat
779 1456 931 1530 unicum
952 1448 1114 1526 valorem
1146 1443 1251 1543 ipsius
1274 1469 1328 1534 x,
1350 1469 1481 1547 nempe
1505 1462 1804 1526 x--a2-:03

423 1578 485 1656 sed
523 1573 720 1659 Methodus
762 1561 1014 1648 Huddeniana
1057 1563 1155 1648 dat,
1206 1586 1274 1661 pro
1314 1587 1386 1652 x,
1430 1564 1526 1644 hanc
1563 1568 1806 1664 aequationem

280 1781 285 1790 ,
423 1692 581 1786 x'-·-3
600 1696 752 1778 axx÷
764 1709 838 1780 eae
850 1709 886 1762 x
900 1723 970 1738 --
982 1673 1439 1768 akr-bbnel-abbzo,
1457 1686 1559 1780 cujus
1576 1685 1711 1760 radices
1723 1683 1806 1765 sunt

418 1833 596 1898 x--a‚
626 1797 889 1894 x-a-a-b,
922 1803 959 1877 da
985 1793 1281 1875 x--a--b.
1325 1795 1515 1896 Jamrede
1547 1799 1636 1878 dicis
1662 1801 1802 1902 [quod

416 1929 552 2026 &ego
582 1927 781 2021 dixeram]
815 1943 895 1999 non
921 1917 1021 2020 sequi
1052 1915 1137 1992 ideo
1174 1937 1302 1992 omnes
1334 1928 1405 1992 tres
1429 1914 1512 1994 dare
1546 1916 1666 1994 casum
1688 1922 1805 1994 marri..

411 2048 486 2132 mi,
517 2046 555 2121 id
583 2045 633 2120 est
660 2043 739 2120 talis
760 2040 909 2118 maximi
936 2033 1040 2136 quod
1063 2031 1279 2132 respondeat
1304 2037 1466 2131 tangenti
1504 2033 1678 2136 parallelae
1707 2038 1805 2126 axi;

412 2185 498 2238 nam
519 2159 647 2240 sufficit
669 2173 709 2238 ut
738 2181 809 2236 una
836 2154 940 2232 radix
964 2151 1006 2230 sn
1029 2150 1175 2252 aqualis
1201 2148 1341 2238 nihile,
1368 2154 1541 2251 quaejam
1566 2154 1809 2253 aequationem

413 2279 576 2358 resolvet
640 2276 802 2370 Quando
826 2295 914 2350 vero
939 2271 1038 2348 addis
1063 2291 1112 2346 err
1137 2267 1317 2352 accidenti
1342 2279 1482 2346 tantum
1508 2265 1600 2358 effe,
1631 2267 1735 2372 quod
1757 2292 1812 2344 re·
1953 2265 1962 2282 '

415 2394 526 2491 liquae
548 2395 627 2470 duae
653 2393 789 2472 radices
814 2388 888 2480 sint,
906 2385 1050 2486 praecise
1077 2385 1147 2460 iliae
1177 2410 1257 2486 quae
1281 2387 1521 2470 inveniuntur
1547 2410 1615 2486 pro
1644 2385 1813 2464 determi-

421 2507 552 2582 nandis
594 2507 736 2604 punitis
781 2501 993 2579 reversionis
1035 2502 1051 2593 [
1079 2499 1195 2602 points
1232 2499 1276 2576 de
1312 2485 1587 2608 rebrouffiment
1619 2504 1635 2599 ]
1674 2525 1810 2600 nempe

420 2646 502 2700 xx
517 2609 1078 2710 *saxi-asadiam
1106 2615 1208 2714 quod
1240 2620 1412 2715 provenit
1432 2618 1602 2696 faciendo
1618 2615 1804 2698 daea-o:

418 2754 461 2818 ut
494 2762 583 2838 pace
621 2737 699 2814 Tua
724 2735 898 2821 dixerim,
930 2732 1014 2808 dice
1037 2729 1074 2806 id
1099 2753 1177 2806 non
1199 2729 1276 2808 fieri
1301 2755 1347 2809 ex
1372 2734 1574 2824 accidenti,
1599 2734 1657 2812 sed
1685 2736 1805 2812 neces·

415 2855 546 2933 sarium
569 2853 657 2940 eise:
685 2851 766 2926 fluit
788 2850 827 2926 id
861 2851 957 2927 enim
983 2871 1028 2923 ex
1052 2845 1194 2922 essentia
1220 2849 1258 2924 ac
1286 2848 1412 2926 indole
1440 2849 1613 2929 Methodi
1645 2843 1801 2928 Hudde.

411 2970 560 3060 nianae,
589 2983 628 3047 ut
655 2971 851 3053 nimirum,
878 2988 944 3064 per
966 2988 1044 3040 earn
1068 2965 1262 3070 quaerendo
1282 2971 1486 3046 maximum
1506 2969 1562 3046 rel
1581 2970 1798 3058 minimum,

409 3088 553 3186 semper
576 3087 765 3186 proveniat
788 3085 942 3182 aequatio
969 3103 1047 3180 qua
1084 3077 1188 3158 iinrul
1212 3083 1475 3185 compietletur
1507 3087 1545 3163 de
1583 3087 1800 3165 determina·

412 3208 556 3281 tionem
581 3205 729 3280 maximi
763 3199 822 3278 vel
858 3201 1024 3286 minimie
1049 3198 1087 3278 de
1115 3196 1456 3281 determinationem
1487 3205 1609 3304 pontii
1629 3203 1799 3283 reversio.

414 3325 497 3408 nis,
534 3325 610 3397 imo
638 3323 674 3396 de
704 3319 1043 3396 determinationem
1075 3315 1487 3416 puntiideculsationis‚
1509 3310 1653 3424 [quod
1672 3345 1794 3411 roco,

414 3440 557 3540 inquo
586 3437 746 3516 curraie
775 3436 886 3536 ipsam
915 3433 1027 3524 secat,
1058 3447 1100 3512 ut
1125 3433 1369 3526 Lemniscata,
1403 3437 1463 3514 rel
1490 3441 1599 3516 etiarn
1625 3443 1729 3536 cujus
1746 3461 1817 3514 ra..

413 3559 468 3632 rni
502 3579 580 3650 non
609 3556 774 3634 continui
808 3551 842 3629 ie
865 3564 993 3632 mutuo
1017 3551 1159 3642 secant,
1196 3569 1237 3632 ut
1271 3554 1396 3634 ultima
1432 3551 1607 3631 Rorerr
1639 3576 1746 3632 curva
1776 3579 1796 3634 a

413 3670 739 3749 Varrononro
771 3660 1795 3781 delineatayza÷el(4÷2x)†el4x(2):]

364 3845 371 3856 .
411 3787 501 3866 Haec
530 3794 595 3867 tria
622 3785 841 3890 punitam
879 3787 1009 3864 dentur
1046 3791 1083 3862 in
1114 3811 1220 3866 curva
1258 3787 1413 3890 quadam
1443 3787 1660 3891 proposita,
1701 3813 1794 3867 nun·

410 3931 520 4008 quam
544 3929 621 3984 non
645 3905 747 3984 simul
783 3905 1119 3984 determmabuntur
1148 3929 1211 4006 per
1238 3929 1350 3998 unam
1381 3906 1493 3984 solam
1518 3895 1790 4007 aequationem.

413 4023 660 4102 limethodus
686 4022 943 4102 Huununrr
973 4018 1194 4102 adhibeatur.
1256 4023 1371 4122 Cujus
1399 4027 1451 4101 rei
1482 4027 1659 4099 rationem
1688 4021 1794 4099 facile
1929 4066 1937 4086 ·

416 4139 634 4236 perspicies,
678 4139 791 4216 modo
825 4139 1009 4218 attendere
1045 4139 1134 4218 velia
1172 4139 1218 4218 ad
1257 4153 1420 4219 naturam
1448 4142 1554 4234 hujus
1593 4127 1793 4216 Methodi:

416 4277 458 4328 ea
486 4255 584 4327 enim
611 4277 678 4352 pro
703 4257 933 4332 maximis&
972 4257 1130 4348 minimis
1171 4279 1248 4334 non
1278 4259 1328 4348 est
1353 4241 1539 4355 specifica,
1576 4278 1692 4355 neque
1721 4274 1791 4355 pro

412 4373 457 4445 iis
491 4367 770 4447 determinandis
807 4361 985 4460 inservit,
1025 4374 1088 4452 niir
1129 4388 1303 4476 quatenus
1337 4375 1532 4451 involvunt
1575 4372 1791 4452 concursum

410 4485 567 4562 duarum
598 4487 787 4578 radicum,
820 4513 888 4588 pro
918 4512 991 4589 quo
1017 4491 1077 4571 illa
1108 4491 1306 4572 Methodus
1332 4497 1483 4594 proprie
1510 4490 1561 4567 est
1581 4515 1791 4570 accommo-

409 4601 506 4682 data.
568 4599 657 4703 Jam'
677 4629 763 4684 vero
794 4607 912 4708 potest
946 4605 1024 4686 fieri
1055 4607 1248 4688 concursus
1283 4611 1446 4689 radicum
1478 4611 1541 4686 ubi
1568 4634 1645 4691 non
1674 4609 1791 4709 statim

514 4713 608 4798 Tem.
643 4717 704 4798 ΙΙ.
993 4719 999 4728 ’
1298 4727 1326 4804 F
1740 4725 1790 4803 est

457 4877 520 4973 (Ι)
552 4883 725 4958 Videnmrr
753 4889 823 4960 net
850 4893 950 4970 Acad.
974 4891 1071 4970 Paris.
1092 4898 1130 4970 A.
1154 4915 1260 4990 1703.
1281 4923 1352 4995 pag.
1372 4916 1452 4990 334.
1478 4897 1538 4972 Ed.
1556 4895 1628 4968 Par.

466 4975 528 5071 (2)
553 4981 631 5055 ibid·
649 5003 728 5080 eae·
760 4997 839 5073 328.
