5459 6684
373 736 393 777 Ι

428 827 1446 943 rtrtnrrrturtrnuoutttt,Error.
1477 833 1651 915 uem
1697 854 1766 930 341

356 994 572 1061 conuentu
592 976 781 1055 Societatis
808 972 930 1072 Regiae
959 961 1185 1066 ostendisset,
1207 944 1342 1069 quibus¹
1363 968 1458 1045 male
1485 964 1631 1050 mecum
1653 968 1771 1051 auum
1788 1024 1854 1097 17,
1859 1028 1893 1100 4

361 1100 454 1177 elle
480 1098 684 1197 querebar,
716 1088 812 1167 misr
842 1091 886 1166 ad
913 1112 973 1167 me
1000 1103 1213 1185 excerptum
1249 1108 1296 1163 ex
1330 1080 1547 1167 Proto-cotto
1583 1087 1943 1179 Societati'snecemb,

366 1243 422 1297 ea
462 1216 520 1294 die
557 1214 704 1296 habito,
730 1210 861 1309 quibus
893 1219 1026 1303 negant
1053 1205 1152 1283 litem
1184 1231 1203 1281 a
1242 1202 1276 1279 se
1304 1199 1491 1294 decisam,
1526 1229 1647 1308 neque
1679 1212 1778 1289 tiam

369 1334 459 1413 elle
490 1316 696 1430 praeclusam
720 1328 822 1403 aiunt
845 1328 879 1400 ei
906 1326 968 1423 qui
988 1320 1124 1422 aliquid
1148 1322 1316 1399 relationi
1334 1321 1773 1430 Commiffariorumtma-
1798 1393 1801 1401 .

370 1452 421 1527 le
451 1448 607 1549 proinde
627 1467 694 1545 pto
715 1442 890 1550 imitantia
913 1439 1101 1517 Societatis
1128 1434 1262 1538 editae)
1284 1460 1475 1539 opponere
1504 1444 1601 1519 uelit.

474 1564 522 1641 At
538 1559 604 1640 Ka
619 1588 630 1635 1
646 1580 750 1636 tros
776 1562 912 1637 interea
937 1544 1126 1633 Gallicum
1138 1554 1333 1656 quemdam
1359 1556 1524 1635 libellum
1547 1558 1610 1663 (a)
1636 1556 1766 1637 edidit.

372 1680 531 1777 Quibus
554 1678 650 1756 inter
669 1678 735 1753 alia
759 1700 943 1765 errorem,
978 1684 1092 1777 quem
1118 1678 1159 1751 in
1183 1672 1448 1753 Newnouo
1480 1676 1769 1779 deprehenderas

365 1820 567 1875 removere
594 1812 747 1871 conatur
779 1780 913 1870 frustra-
1102 1892 1105 1897 ,
1591 1847 1594 1852 -

463 1910 562 1990 Mihi
588 1910 780 1989 confilium
806 1910 892 2007 est,
924 1904 1031 1989 edere
1064 1904 1216 2011 aliquod
1253 1905 1527 1989 Commercr'um
1553 1902 1766 1992 litterarium

365 2052 522 2119 arreum,
548 2032 646 2107 unde
677 2029 865 2131 apparebit
885 2046 995 2153 quw
1017 2030 1055 2103 in
1082 2028 1159 2105 aliis
1183 2051 1332 2129 quoque
1359 2030 1626 2108 Nuwuonu
1643 2057 1659 2107 r
1674 2033 1764 2109 olim

369 2152 496 2225 tenuis
526 2147 645 2223 fuerit.
708 2140 755 2221 Et
779 2149 861 2243 quia
878 2144 972 2222 scio.
999 2168 1047 2219 ex
1075 2136 1296 2251 Cullitfiam'r
1324 2146 1493 2225 homiues
1515 2149 1674 2248 partium
1692 2151 1762 2226 stu-

372 2263 612 2342 diodeditos
637 2284 679 2337 ea
707 2252 924 2358 suppreffille
952 2284 1032 2360 qua
1060 2258 1321 2339 Naweono
1347 2269 1466 2367 minus
1493 2266 1632 2364 placete
1652 2268 1766 2346 debe·

373 2406 416 2455 re
440 2382 674 2477 judicabant,
707 2375 909 2452 sollicitabo
943 2394 985 2452 ut
1018 2400 1058 2451 ea
1088 2376 1161 2475 ipsa
1198 2400 1347 2478 quoque
1376 2379 1589 2479 producant.
1647 2385 1759 2464 Dabo

374 2499 486 2571 etiam
518 2516 671 2595 operam
696 2506 735 2567 ut
763 2492 929 2593 quedam
956 2491 1068 2571 edam‘
1095 2496 1133 2567 in
1171 2496 1301 2595 quibus
1336 2497 1595 2575 Nuwuotto
1632 2525 1762 2602 aquam
1785 2493 1790 2503 ’

374 2608 512 2691 haerere
538 2614 626 2687 scio·

463 2728 556 2806 Fieri
579 2722 724 2832 potest.
757 2740 798 2803 ut
827 2718 1133 2805 Caetronius
1162 2724 1271 2819 etiam
1301 2718 1654 2822 inveneritSeriem,
1691 2757 1762 2835 qua
1946 2796 1953 2805 .

375 2868 479 2924 arcus
512 2841 639 2923 circuli
670 2843 884 2949 exprimitur
920 2870 985 2947 per
1019 2839 1499 2947 tangentem,'quanquam
1528 2870 1626 2926 meas
1659 2850 1760 2927 sche·
1815 2856 1820 2864 ’
1914 2880 1918 2883 ·

375 2961 631 3066 das(quarum
653 2977 745 3063 p'ars¹
762 2962 820 3039 vel
844 2956 1028 3063 periitvel
1048 2964 1160 3053 latet)
1181 2953 1347 3040 nondum
1378 2978 1547 3044 excutere
1572 2964 1758 3045 licuerit..
1778 3055 1781 3060 y

371 3132 546 3154 .......
573 3076 644 3156 Sed
671 3073 822 3155 arbitror
842 3080 932 3155 mihi
965 3102 1042 3154 noan
1058 3073 1157 3155 serilla
1186 3083 1490 3169 communicatam
1516 3082 1610 3181 hanc
1636 3082 1758 3163 Gau-

368 3218 467 3273 ooa
484 3218 527 3279 rr
558 3192 720 3283 Seriem,
753 3192 818 3271 nili
844 3208 932 3273 tunc
957 3196 1041 3271 cuni
1072 3212 1189 3275 meam
1210 3200 1281 3295 jam
1307 3198 1346 3273 itt
1373 3187 1547 3301 Arigaion
1571 3193 1755 3281 mififfrm.

364 3310 496 3413 ltaque
522 3335 605 3389 cum
618 3300 620 3309 '
634 3312 744 3389 variae
765 3311 869 3389 series
896 3305 1141 3415 Gregorianrr
1174 3315 1211 3390 u
1238 3306 1504 3392 Newtonianas
1525 3316 1751 3423 acciperem)

369 3430 485 3507 credo
515 3453 573 3505 me
598 3426 765 3527 judicalle
793 3428 889 3507 hanc
908 3434 1001 3505 inter
1029 3445 1171 3507 caeteras
1203 3432 1286 3531 post
1312 3456 1433 3509 meum
1463 3434 1639 3531 judicium
1664 3440 1755 3517 rela-

370 3562 458 3623 tam.
520 3546 626 3625 Certe
645 3548 683 3625 N
693 3568 925 3624 awuouus
948 3544 1023 3646 ipse
1054 3548 1092 3621 in
1126 3547 1196 3641 suis
1232 3546 1359 3624 litteris
1379 3552 1472 3647 eius
1498 3553 1754 3636 inventionem

366 3678 457 3743 mne
486 3664 574 3741 mihi
599 3664 735 3748 tribuit
778 3661 904 3763 ltaque
934 3662 978 3737 de
1009 3660 1192 3741 Gnaeo
1209 3688 1296 3741 nro
1322 3663 1547 3743 inventionis
1575 3668 1752 3772 participe

366 3783 465 3861 nulla
490 3782 535 3859 ad
569 3806 630 3860 me
661 3776 817 3880 suspicio
845 3776 1035 3883 pervenit.
1139 3831 1750 3865 ......................

451 3900 593 3979 Cuma
620 3900 740 3975 multo
771 3912 935 3995 tempore
968 3895 1059 3981 nihil
1096 3896 1247 3975 aDno.
1286 3898 1660 4003 terraniano,
1691 3904 1753 3983 rel

367 4016 409 4089 ab
437 4016 570 4095 Amicis
604 4010 757 4092 Venetia
779 4014 931 4091 viderim
945 4040 957 4108 3
983 4006 1106 4092 nescio
1132 4038 1208 4115 quo
1234 4038 1335 4094 nunc
1363 4012 1406 4091 tit
1435 4016 1525 4093 loco
1555 4022 1750 4119 negotium

258 4138 259 4161 ¹
367 4128 594 4208 Profesfionis
624 4130 889 4221 Mathematieae
931 4128 1137 4207 Patavina,
1198 4130 1267 4209 Ha
1283 4156 1306 4207 a
1321 4154 1463 4209 mauu
1478 4158 1530 4211 us
1563 4138 1754 4219 verebatur

369 4268 413 4318 ne
446 4240 600 4323 Poleam
638 4248 760 4328 favore
796 4247 1042 4351 quorumdam
1076 4244 1270 4325 Nobilium
1315 4246 1539 4329 Venetorum
1574 4254 1754 4336 subnixus

258 4372 262 4419 t
367 4358 533 4439 Brabium
569 4364 728 4444 auferret.
750 4352 755 4363 ’
774 4364 810 4443 u
844 4390 898 4443 res
926 4364 1044 4443 adhuc
1069 4366 1211 4465 integra
1239 4366 1311 4457 est,
1342 4368 1442 4447 nulla
1462 4394 1500 4446 re
1525 4376 1640 4471 magis
1666 4382 1749 4479 capi

258 4490 262 4539 ἱ
366 4477 510 4578 poliunt
540 4476 702 4571 Veneti,
730 4508 838 4585 qnam
868 4484 961 4561 sama
989 4483 1287 4563 scientieemotus
1316 4509 1514 4587 aquarum,
1541 4512 1624 4589 quae
1647 4488 1749 4577 inea
1847 4534 1853 4543 ·

258 4608 261 4657 ¹
365 4592 560 4701 Republica
601 4601 732 4682 merito
766 4599 914 4679 maximi
954 4604 1135 4677 momenti
1174 4600 1350 4691 habetur,
1387 4601 1510 4706 itaque
1537 4621 1748 4707 optaveram

258 4728 260 4803 ξ
366 4712 600 4797 dodiilrmum
631 4714 838 4797 Dominum
873 4716 1060 4826 Nepotem
1083 4730 1187 4796 tuum
1221 4720 1294 4797 huc
1323 4723 1560 4833 incumbere,
1593 4727 1631 4805 ἃ
1665 4752 1748 4832 qum

1188 4836 1263 4914 VV
1303 4863 1321 4930 3
1415 4907 1419 4918 ,
1702 4856 1744 4930 in

454 4943 472 5038 (
477 4940 515 5036 1)
539 4950 719 5047 Corriperet
741 4940 974 5027 illeinDr'aerr't
998 4950 1162 5027 litterario.
1187 4968 1296 5043 1714
1310 4950 1396 5047 Jrn'll.
1413 4943 1459 5041 Εεῖ
1471 4952 1587 5029 Amet
1613 4956 1691 5036 Art.
1705 4980 1743 5054 4

358 5060 423 5133 9⁴¹3·
444 5060 525 5131 319·
1306 5078 1311 5084 '
