5459 6684
915 751 963 822 72
1138 719 1583 808 catillanorum
1632 710 2073 790 arrsrorrcuar.
2227 741 2233 748 ·

739 899 845 970 1702.
913 873 1085 973 Cogitavi
1125 871 1341 970 aliquando,
1377 890 1423 941 an
1452 886 1529 940 non
1566 855 1678 962 pelles
1715 861 1922 940 animalium
1942 865 2168 950 marinorum
2185 866 2308 945 vicem

738 983 838 1072 lliiii
912 983 1007 1072 corii
1024 989 1236 1068 terres-trium
1258 988 1297 1059 in
1320 983 1419 1064 huuc
1442 981 1545 1059 usum
1560 981 1777 1082 praeliarent.

991 1105 1142 1210 Specula
1174 1104 1294 1199 lignea
1321 1101 1479 1200 primus,
1514 1098 1618 1200 quod
1648 1099 1811 1184 constet,
1844 1099 1983 1173 inuenit
2016 1097 2133 1179 Faber
2159 1103 2306 1202 quidam

919 1228 1112 1327 lignarius,
1151 1243 1197 1294 an
1223 1216 1407 1295 Tornator
1439 1205 1674 1321 Dresderfis,
1704 1215 1764 1290 sed
1789 1213 1870 1293 Tua
1898 1216 1989 1290 ratio
2006 1241 2075 1314 pro
2103 1218 2201 1294 soliis
2231 1244 2307 1295 me·

920 1343 1046 1420 tallieis
1061 1335 1296 1435 plumbagine
1312 1335 1539 1418 obducendis
1553 1357 1649 1409 noxa
1660 1333 1710 1410 est
1727 1331 1928 1432 &elegans
1971 1329 2059 1409 Vidi
2083 1336 2161 1434 ipse
2179 1333 2307 1412 Libros

923 1453 1162 1552 compassos,
1202 1455 1251 1528 ita
1289 1467 1331 1528 ut
1363 1452 1590 1552 plumbago,
1616 1472 1687 1550 pro
1727 1471 1814 1525 auro
1848 1462 2096 1549 argentoque,
2132 1453 2309 1530 soliorum

918 1575 1050 1652 chartae
1077 1571 1378 1658 terminationes,
1407 1567 1479 1646 srve
1514 1566 1616 1670 quod
1642 1565 1756 1664 vulgo
1785 1563 1979 1642 sessionem
2008 1583 2177 1658 vocant,
2206 1591 2310 1644 orna-

921 1706 976 1768 ret
1014 1711 1092 1764 non
1125 1689 1243 1764 miuus
1285 1687 1473 1786 splendide
1513 1700 1621 1786 atque
1654 1688 1873 1782 eleganter:
1905 1680 2055 1760 Librum
2093 1679 2313 1778 Gutllelnus

922 1807 1053 1887 Pauu
1087 1805 1347 1882 Tremulorurn
1390 1803 1531 1907 Angliae
1569 1801 1797 1900 Coryphaeus
1829 1799 2006 1888 miserat,
2049 1805 2313 1904 apparebatque

922 1924 1165 2022 srugsli'tatem
1193 1945 1277 1999 cum
1307 1921 1483 2021 elegantia
1517 1920 1712 2004 conciliare
1739 1915 1888 1995 uoluisse
1889 1973 2253 1999 .........
2298 1978 2310 2001 .

1003 2154 1059 2234 Ex
1081 2152 1252 2230 ilsovellis
1279 2149 1419 2260 Reipub
1435 2155 1499 2232 ica
1527 2148 1746 2232 Litterariae
1772 2156 1944 2253 nuperis,
1966 2146 2073 2261 (3),
2116 2179 2202 2256 quas
2232 2154 2316 2237 Tibi

928 2297 1075 2376 quoque
1101 2271 1207 2347 lec‘tas
1233 2286 1327 2372 puto
1354 2329 1369 2360 ,
1397 2272 1535 2360 didici,
1564 2269 1945 2372 quadamaDomino
1967 2270 2318 2350 Tscxrauxsu-

928 2415 1006 2467 sro
1037 2379 1205 2468 Lutetia
1233 2390 1339 2477 atla,
1368 2410 1526 2493 quorum
1559 2389 1634 2488 ipse
1658 2412 1719 2464 me
1750 2391 1963 2493 participem
1996 2411 2072 2466 non
2105 2390 2212 2477 iecit,
2244 2391 2319 2466 nes-

928 2511 987 2582 cio
1023 2529 1069 2580 au
1104 2505 1240 2604 aliquid
1285 2505 1330 2580 de
1368 2529 1412 2580 ea
1454 2507 1569 2582 read
1604 2504 1659 2583 Te
1697 2503 1883 2583 Dominus
1922 2504 2318 2591 Vaxrouourus‘l

926 2618 1097 2716 Quodsi
1126 2623 1155 2696 is
1183 2643 1333 2724 quoque
1357 2617 1487 2710 siluit,
1531 2627 1646 2703 miror
1679 2647 1751 2722 ego
1781 2628 1910 2700 nimias
1940 2627 1977 2700 δι
2008 2628 2216 2704 frustraneas
2236 2650 2323 2705 cau·

798 2781 801 2792 ·
929 2741 1069 2816 tiones..
1119 2737 1195 2815 Cur
1231 2745 1329 2816 enim
1354 2740 1453 2839 apud
1482 2745 1620 2816 amicos
1644 2739 1875 2827 dissimulat,
1914 2765 1994 2843 quae
2027 2767 2119 2820 mox
2151 2743 2324 2843 loquatur

931 2851 1129 2932 Dianium?
1160 2851 1396 2935 Mentionem
1430 2854 1469 2928 id
1496 2856 1582 2930 sarit
1613 2855 1765 2930 duarum
1793 2852 2088 2951 Propofitionum
2123 2857 2328 2941 Academias

931 2969 1056 3064 Regiae
1083 2965 1353 3055 exhibitarum,
1389 2989 1544 3060 quarum
1576 2967 1647 3040 una
1681 2966 1725 3046 fir
1756 2969 1801 3040 de
1825 2967 2047 3062 perfectione
2078 2972 2252 3053 lentium,
2278 2980 2330 3050 al.

933 3085 1044 3155 terius
1070 3075 1189 3152 nescio
1221 3101 1267 3152 an
1294 3076 1434 3151 sensum
1462 3076 1545 3151 satis
1568 3073 1757 3175 assequar,
1785 3081 1851 3176 qui
1881 3101 1926 3152 eo
1959 3081 2102 3155 ‘videtur
2132 3076 2324 3166 tendere,

811 3230 813 3238 ν
937 3208 979 3270 ut
999 3197 1037 3265 in
1064 3191 1142 3265 data
1174 3212 1284 3268 cur-vs
1318 3193 1394 3268 duo
1426 3191 1668 3273 exhibeantur
1698 3215 1827 3281 acus,
1866 3218 2021 3294 quorum
2053 3193 2257 3271 differentia
2284 3190 2329 3266 fit

939 3305 1191 3383 mensurabilis.
1246 3308 1289 3388 ld
1318 3307 1548 3411 bellaturus
1575 3307 1686 3398 esset,
1716 3334 1797 3386 rem
1830 3312 2030 3410 prestiteris
2057 3324 2135 3387 riou
2163 3319 2329 3384 contem·

936 3423 1097 3502 nendum
1106 3448 1118 3518 3
1145 3423 1206 3504 sed
1232 3450 1359 3504 vereor
1391 3441 1432 3502 ut
1456 3426 1499 3503 fit
1529 3427 1727 3528 possibilis:
1755 3431 1795 3502 ni
1822 3428 1931 3505 fallor
1963 3431 2089 3514 enim,
2119 3421 2181 3500 etsi
2219 3443 2328 3497 curua

939 3541 1143 3642 parabolica
1173 3567 1252 3618 non
1283 3543 1327 3620 sit
1354 3547 1642 3646 proportionalis
1669 3543 1942 3645 Logarithm-is,
1973 3544 2031 3618 vel
2063 3545 2152 3619 areis
2178 3537 2327 3636 Hyper-

936 3658 1068 3734 bolieis
1093 3683 1155 3734 eos
1178 3663 1483 3762 exprimentibus,
1513 3661 1663 3740 exhibui
1683 3678 1803 3739 tamea
1826 3663 1915 3738 olim
1941 3684 2084 3740 curvam
2110 3657 2327 3736 ordinariam

939 3799 1041 3852 arcus
1077 3775 1269 3852 habentem
1297 3777 1542 3876 Logarithmis
1588 3783 1890 3880 proportionales.
1953 3779 2008 3857 lln
2050 3802 2139 3876 ergo
2167 3775 2245 3872 spes
2277 3771 2327 3847 ell

938 3894 1094 3968 duarum
1114 3914 1281 3986 ¹arearum
1308 3897 1628 3996 hyperbolicamm
1649 3895 1893 3994 Logarithmis
1913 3894 2245 3997 proportionalium
2265 3889 2327 3964 ha·

942 4011 1020 4084 beri
1045 4007 1141 4107 polle
1169 4009 1444 4086 differentiam?
1485 4011 1581 4088 lllihi
1607 4014 1646 4088 id
1668 4013 1747 4090 sane
1773 4012 1984 4111 perdifficile
2017 4014 2164 4088 uidetur.
2212 4002 2327 4084 Diffe-

940 4129 1057 4202 rentia
1091 4128 1189 4201 enirn
1232 4123 1556 4226 Logarithmorurn
1598 4130 1646 4206 est
1687 4129 1945 4228 logaritlunus
1975 4132 2124 4213 ratioms
2154 4145 2327 4202 numero-

945 4267 1035 4318 rum.
2143 4262 2145 4271 ¹

1009 4357 1104 4435 Cum
1135 4385 1252 4460 nuper
1275 4361 1346 4436 'hac
1372 4363 1535 4442 transrret
1570 4365 1649 4444 Rex
1674 4358 1853 4472 Prufflae,
1880 4361 2136 4445 Consiliarium
2167 4367 2242 4460 ejus
2270 4357 2332 4436 Li·

944 4473 1127 4551 bellorum
1154 4476 1358 4575 supplicum
1387 4479 1599 4576 Magistrum
1629 4481 1791 4558 hortatus
1814 4481 1919 4569 sum,
1950 4495 1993 4556 ut
2019 4477 2223 4578 Phosphori
2242 4477 2328 4568 Tui,

942 4591 1059 4685 'quem
1082 4589 1174 4687 Regi
1203 4594 1428 4674 ostenderam
1453 4650 1464 4680 ,
1493 4583 1572 4672 data
1604 4595 1794 4672 occasione
1830 4594 2027 4673 meminiffe
2054 4596 2200 4689 rellet3
2230 4592 2331 4696 quod

944 4705 1057 4778 etiam
1084 4703 1119 4778 se
1143 4705 1316 4789 luiturum
1341 4706 1515 4810 pronrifit.
1546 4711 1713 4809 Cogitavi
1727 4709 1834 4813 *polle
1862 4711 2057 4818 aliquando
2070 4735 2151 4816 ope
2179 4716 2255 4813 ejus
2286 4730 2333 4784 ex

2240 4829 2331 4905 uitro

1048 4955 1110 5050 (3)
1135 4963 1237 5035 llvril.
1269 4915 1374 5050 h702.
1399 4985 1472 5057 pag.
1493 4973 1580 5057 466,
2246 4953 2260 4992 ι
