5459 6684
418 778 837 920 [transiliit-T
859 829 1264 919 cetetonem,
1290 833 1415 907 Enrsn.
1438 833 1660 909 CLXXVIIL
1689 851 1756 925 225

354 969 516 1051 subinde
560 965 670 1044 etiam
708 967 747 1042 in
776 961 935 1043 chartam
965 968 1125 1063 conjicio
1152 989 1301 1062 novas,
1344 992 1424 1070 quae
1462 971 1555 1046 forte
1593 970 1758 1048 incidunt
1782 989 1883 1060 1710.

354 1087 632 1184 cogitationes,
663 1105 711 1161 ne
738 1082 845 1182 plane
874 1097 1050 1181 pereant3
1082 1081 1142 1158 led
1162 1086 1224 1158 vix
1249 1082 1387 1184 aliquid
1408 1086 1591 1162 elaborare
1622 1101 1754 1186 potero
1777 1069 1854 1167 Just·
1936 1103 1939 1110 ’

350 1207 397 1287 in
426 1203 501 1280 alio
536 1221 701 1299 generor
731 1215 921 1300 antequam
953 1197 1140 1277 Hilloticis
1166 1199 1348 1288 laboribus
1377 1202 1478 1278 fuero
1517 1201 1704 1280 defunctus
1737 1258 1750 1303 ‚
1831 1205 1835 1214 ’

354 1319 466 1420 quod
496 1322 591 1403 intra
620 1316 808 1394 biennium
837 1315 921 1402 liet,
948 1314 1035 1393 Deo
1064 1316 1236 1412 volente3
1271 1320 1387 1394 modo
1419 1317 1559 1404 scilicet,
1580 1319 1749 1398 valetudo

351 1440 397 1520 ὅς
429 1439 502 1512 vita
530 1433 730 1533 consque
760 1433 898 1513 durent,
944 1431 1038 1516 Sane
1062 1434 1267 1512 valetudine
1301 1459 1400 1514 nunc
1426 1439 1557 1512 iterum
1581 1457 1751 1533 percom-

347 1554 475 1634 moda
506 1566 622 1638 utor,
642 1546 704 1624 etii
732 1547 803 1631 hac
829 1547 961 1649 hyeme
985 1551 1199 1630 Artllriticos
1231 1550 1397 1642 assultus,
1432 1552 1572 1652 aliaque
1606 1554 1749 1630 incom-

345 1667 683 1750 modatenserim.
1812 1765 1814 1768 Ι

408 1784 609 1872 Dominus
637 1781 900 1867 Bunnurus
925 1806 989 1883 pet
1020 1785 1160 1884 aliquot
1184 1782 1403 1882 septimanas
1423 1783 1528 1884 apud
1547 1807 1613 1861 nos
1647 1791 1745 1886 egit,
1766 1842 1771 1848 »

341 1903 388 1981 a&
424 1901 693 1980 humanitatem
724 1898 843 1978 Tuam
870 1958 880 1990 ‚
913 1901 1284 2000 communicandique
1310 1902 1542 1988 facilitatem,
1581 1916 1622 1980 ut
1646 1919 1750 1982 caete·

344 2043 407 2098 ras
439 2017 550 2096 dotes
579 2029 740 2104 taceam,
766 2040 838 2117 pro
869 2019 1000 2095 merito
1027 2017 1215 2094 laudavit:
1260 2008 1420 2096 Mecum
1450 2019 1601 2098 subinde
1634 2024 1745 2120 egit.

346 2135 524 2214 sednon
556 2147 632 2210 mm
660 2134 789 2211 crebro
814 2133 919 2216 licuit
946 2157 989 2210 ac
1017 2129 1213 2210 volnillem.
1280 2136 1388 2225 Certe
1420 2135 1465 2211 de
1492 2139 1595 2214 variis
1630 2137 1747 2217 locuti

347 2251 494 2329 sumus
536 2247 760 2339 Discedens,
787 2250 912 2327 litteris
936 2243 1143 2327 Hannvero
1166 2241 1432 2356 Gueffebytum
1456 2251 1617 2353 scriptis,
1645 2279 1664 2332 a
1685 2280 1745 2334 me

347 2367 545 2454 historicas
572 2368 740 2468 quasdam
768 2369 918 2448 notitias
943 2365 1160 2450 deiideravit.
1209 2366 1382 2469 Rescripsr
1408 2382 1450 2446 ut
1472 2383 1561 2446 tunc
1593 2373 1743 2472 quidem

321 2498 566 2586 ⁸poteram,
596 2485 728 2562 ledan
757 2485 969 2584 responsum
1003 2507 1126 2559 meum
1155 2489 1364 2587 acceperit.
1402 2485 1552 2578 nesci03
1583 2511 1668 2563 nam
1695 2511 1742 2566 ex

351 2626 438 2704 quo
470 2597 672 2686 Hnnovera
699 2599 874 2689 disceffit,
907 2601 999 2685 nihil
1020 2604 1096 2700 ejus
1116 2603 1216 2692 vidi,
1238 2606 1274 2679 &
1297 2625 1385 2704 ,quae
1413 2605 1452 2678 in
1477 2593 1641 2706 Batanis
1660 2621 1742 2702 agat

352 2742 430 2820 pro
457 2733 557 2820 parte
583 2741 629 2797 ex
657 2713 748 2801 Tuis
783 2719 978 2816 intelligo·
1023 2716 1124 2794 Facit
1156 2721 1288 2811 teile,
1328 2717 1367 2797 u
1410 2741 1478 2820 pro
1520 2721 1741 2818 gratitudine

357 2860 475 2938 quam
508 2835 591 2914 Tibi
617 2836 747 2926 debet,
777 2837 880 2938 quod
914 2859 990 2912 rem
1022 2833 1141 2913 Tuam
1175 2837 1272 2938 apud
1303 2834 1387 2912 illos
1424 2849 1532 2912 curat.
1583 2833 1664 2936 Ego
1698 2837 1744 2914 de

357 2958 518 3051 negotio
548 2947 611 3030 tali
639 2952 831 3042 confilium
855 2954 938 3030 dare
962 2977 1042 3030 non
1067 2951 1194 3031 audeo.
1242 2953 1329 3030 Tibi
1350 2951 1519 3036 laetillrma
1541 2957 1667 3029 omnia
1699 2976 1745 3032 ex

352 3073 483 3150 animo
509 3085 616 3171 opto.
671 3070 848 3172 Excerpta
871 3067 1112 3172 Epistularum
1135 3084 1279 3149 tuarum
1311 3073 1349 3146 in
1385 3059 1640 3179 Miscellaneis
1674 3061 1746 3148 Be.

350 3180 587 3297 rolinenflbus
610 3188 783 3288 prodiere
816 3180 906 3293 (ι),
940 3191 1047 3272 etiam
1077 3188 1230 3287 quaelad
1257 3179 1498 3289 Craigianam
1533 3200 1744 3265 controver-

354 3303 445 3386 fiam
478 3308 667 3404 pertinent.
725 3305 952 3405 Exemplaria
988 3304 1085 3404 apud
1115 3305 1339 3404 Bibliopolas
1371 3302 1477 3402 nidi,
1503 3303 1565 3380 led
1601 3303 1744 3380 nullum

354 3421 530 3502 haetenus
552 3413 716 3499 Bernllno
750 3426 891 3520 accepi:
907 3423 1078 3522 „expetto
1099 3434 1250 3510 tamen,
1279 3444 1348 3497 nec
1377 3420 1504 3498 dubito
1531 3421 1640 3494 etiam
1658 3419 1745 3492 Tibi

356 3535 578 3640 Exemplum
606 3537 750 3623 millum
771 3541 836 3638 iri3
856 3542 906 3622 ita
929 3541 1029 3621 enim
1056 3535 1198 3620 dudum
1222 3539 1457 3620 constitutum
1486 3536 1556 3622 est,
1586 3555 1645 3635 me
1671 3531 1746 3608 sua
1844 3525 1850 3534 '

358 3655 476 3734 dente.
1011 3651 1016 3660 ’

417 3772 617 3856 Gratillima
638 3774 732 3854 mihi
762 3775 831 3850 erit
853 3775 959 3849 etiam
993 3773 1146 3869 junioris
1181 3771 1259 3851 Dni
1294 3771 1646 3847 Sennucuzenr
1676 3786 1745 3840 no.

357 3891 442 3968 titia.
491 3892 641 3977 Utinam
672 3893 828 3991 egregiis
855 3891 1012 3988 ingeniis
1045 3889 1186 3988 semper
1216 3889 1397 3965 subveniri
1428 3878 1564 3984 pollet3
1589 3879 1652 3958 led
1675 3881 1741 3958 scis

358 4007 471 4084 multa
491 4011 553 4087 hic
579 4011 618 4084 in
645 4001 755 4094 casu,
779 4005 849 4082 five
869 4005 1015 4084 fortuna
1042 4003 1104 4096 lita
1128 4004 1206 4080 elle.
1225 4063 1232 4079 .
1254 4055 1284 4081 ..
1302 4056 1312 4078 .
1330 4059 1360 4079 ..
1377 4060 1409 4077 ..

444 4119 483 4194 Si
511 4108 697 4200 Dominus
724 4121 886 4219 Agnatns
913 4121 1040 4207 Tuus,
1079 4122 1150 4216 juri
1186 4119 1274 4196 dans
1312 4140 1500 4218 operam„
1545 4126 1671 4214 urgeat
1705 4113 1743 4189 tr

266 4256 272 4266 ·
364 4231 522 4330 perficiat
564 4251 675 4336 caepta
715 4237 845 4314 Fratris
884 4235 957 4312 Tui
984 4234 1141 4314 Domini
1179 4227 1308 4345 Jacob}
1331 4235 1614 4315 nassonem
1650 4233 1743 4306 circa

365 4348 609 4430 aestimationes
645 4352 963 4456 probabilitatum'‚
992 4353 1100 4430 faciet
1128 4376 1204 4428 rem
1234 4350 1460 4435 utilillimam.
1522 4345 1604 4447 Ego
1628 4349 1698 4444 iarn
1722 4368 1743 4421 a

363 4488 475 4564 puero
506 4471 582 4549 hoc
612 4487 866 4572 argumentum
900 4469 1065 4568 versavi,
1105 4483 1193 4549 tunc
1226 4471 1403 4570 imprimis
1438 4489 1523 4544 cum
1565 4466 1634 4563 juri
1683 4461 1742 4539 da-

363 4605 438 4658 rem
463 4610 632 4686 operam,
661 4593 699 4667 &
734 4587 781 4664 de
809 4589 1054 4687 conjetiuris,
1094 4588 1270 4675 indiciis,
1307 4581 1673 4686 praesumptionibus,
1703 4579 1740 4656 dc

364 4701 529 4795 gradibus
546 4708 807 4806 probationum
831 4709 951 4785 minus
976 4705 1190 4808 plenarum,
1211 4704 1521 4803 semi-plenarum,
1538 4700 1736 4799 plenarum,

457 4810 553 4897 Tam,
590 4819 611 4898 Ι
623 4825 651 4904 1.
1176 4819 1238 4898 Ff
1640 4811 1741 4888 limi-

430 4973 491 5068 (1)
516 4977 615 5050 T0nt
643 4981 682 5073 In
710 5005 783 5074 pag.
812 4988 1010 5069 173·185.
1036 4976 1090 5048 nel
1110 4980 1201 5071 Opp.
1226 4975 1325 5047 Tom.
1354 4973 1380 5044 Ι.
1406 4967 1475 5048 Nlo,
1500 4961 1736 5050 LXXVII.

370 5068 587 5171 Lxxtx,
607 5077 794 5170 LXXX,
823 5077 1056 5166 LXXXII,
1084 5101 1156 5174 pag.
1185 5087 1378 5176 437·452.
