5459 6684
957 778 1030 867 art
1083 752 1625 857 conuenerunt
1663 733 2262 844 rr'rrrorrcurr.

787 940 892 1025 1716.
961 926 1031 1007 pro
1053 906 1234 985 solutione
1250 904 1418 1008 Exempli
1443 904 1629 1009 postremo
1653 926 1752 1001 ame
1767 900 1970 990 transmissi,
1995 902 2353 1007 dederintaliqurnr

783 1032 878 1109 Maii
963 1026 1205 1123 aequationem
1234 1022 1273 1099 in
1311 1045 1383 1124 qua
1411 1018 1705 1099 indeterminatae
1723 1044 1817 1097 cum
1851 1016 1922 1095 suis
1950 1006 2268 1115 differentialiiqus
2296 1024 2351 1105 libi

963 1154 1093 1219 mutuo
1111 1144 1289 1219 intricatas
1308 1139 1570 1231 observaveris3
1593 1136 1830 1219 nullomodo
1853 1137 2161 1233 acquiescendum
2188 1146 2283 1227 erit,
2297 1146 2347 1220 sed

964 1256 1192 1335 insistendum
1224 1258 1260 1333 te
1287 1255 1514 1353 urgendum,
1543 1268 1584 1331 ot
1612 1252 1716 1355 quod
1744 1250 1898 1353 superest
1921 1250 2131 1344 absolvant,
2172 1258 2346 1359 separent.

964 1396 1037 1474 que
1064 1399 1083 1450 a
1106 1378 1140 1449 ie
1167 1376 1324 1453 invicem
1351 1372 1669 1460 indeterminatae,
1695 1369 1772 1449 fine
1792 1392 1871 1472 quo
1885 1369 2031 1469 gloriari
2053 1396 2134 1449 noo
2161 1393 2310 1473 queunt
2320 1380 2345 1453 ie

966 1488 1103 1568 solvisse
1128 1484 1348 1589 Exemplum
1376 1484 1468 1567 hoc:
1494 1488 1544 1567 est
1566 1491 1665 1567 enim
1688 1513 1734 1566 ex
1754 1511 1881 1563 eorum
1913 1512 2090 1575 numero,
2118 1492 2196 1567 ubi
2224 1494 2341 1595 sepem

967 1610 1020 1685 tio
1045 1610 1095 1685 ita
1115 1606 1294 1692 succedit,
1322 1604 1348 1682 li
1372 1609 1440 1683 rite
1469 1604 1687 1693 tradentur,
1720 1604 1780 1685 sed
1811 1602 1873 1681 hic
1894 1599 2061 1703 singulari
2086 1610 2254 1706 quadam
2279 1630 2342 1691 arte

968 1748 1062 1825 opus
1096 1724 1154 1801 est
1208 1718 1532 1809 heroicon,
1573 1722 1758 1821 subjungit
1787 1718 2217 1814 Monrrronrros,
2247 1734 2336 1807 etiam

970 1836 1108 1918 solvisse
1140 1842 1240 1943 prius
1268 1839 1474 1939 exemplum
1505 1836 1827 1938 Hyperboiarum,
1863 1853 1940 1917 tum
1973 1841 2084 1917 etiam
2108 1841 2249 1940 jodasse
2269 1903 2284 1935 ,
2307 1846 2337 1922 se

973 1980 1122 2061 quoque
1148 1956 1275 2035 habere
1299 1954 1474 2056 Exempla
1503 1954 1687 2057 quaedam,
1711 1978 1791 2057 quae
1814 1950 1904 2033 Tibi
1924 1955 2073 2033 viciffim
2102 1962 2331 2062 propofirnnu

972 2076 1036 2163 sit,
1070 2074 1250 2175 refertque
1286 2096 1403 2150 unum
1435 2098 1455 2149 a
1478 2070 1724 2149 Teutono
1752 2069 2010 2175 perscriptum,
2038 2080 2141 2175 quod
2160 2079 2232 2155 lroc
2256 2081 2325 2155 esi:

972 2186 1234 2271 Derenninore
1261 2180 1509 2298 Trajedlorios
1520 2182 1524 2189 ’
1535 2210 1560 2261 n
1579 2176 1756 2265 annaliter
1759 2182 1931 2294 secantes
1950 2204 2101 2267 'cenom
2117 2190 2237 2296 qarbu
2251 2188 2324 2298 rest

972 2294 1102 2415 pendet
1127 2304 1200 2387 bre
1230 2333 1256 2385 a
1282 2306 1385 2383 uario
1401 2292 1667 2386 andriae:
1683 2327 1705 2385 2
1722 2294 1868 2393 κάκ’,
1894 2302 1935 2377 in
1959 2303 2233 2415 quasrrppmitur
2257 2310 2312 2389 da

976 2414 1156 2530 corfinum
1183 2416 1234 2509 ὁ·
1287 2414 1595 2527 stannaturam
1615 2418 1746 2497 herum
1759 2444 1985 2513 curvamen,
2009 2419 2321 2531 quibusilloaeqnn·

977 2540 1029 2619 rio
1048 2528 1236 2649 respondet.
1282 2536 1368 2617 Poll
1389 2541 1537 2616 brevem
1550 2538 1831 2639 applicationem
1847 2539 1945 2616 solvi
1966 2542 2041 2619 hoc
2064 2542 2312 2631 Problema,l

876 2732 881 2741 ,
977 2658 1101 2765 postea
1127 2660 1235 2735 etiam
1258 2654 1363 2733 solvit
1390 2656 1550 2755 Agnatus
1573 2678 1697 2743 meur,
1720 2656 1903 2755 amboque
1929 2659 2134 2737 invenimus
2167 2661 2313 2761 quodni

979 2776 1068 2885 plere
1098 2797 1285 2853 curvarum
1310 2770 1443 2871 species
1470 2771 1655 2851 satisfaciat
1680 2771 1873 2869 aequntioni
1888 2764 2251 2861 istieaddx=2x
2261 2775 2325 2859 dc,

979 2914 1115 2987 nempe
1142 2888 1354 2975 Parabolos,
1372 2887 1625 2989 Hyperbolas,
1643 2890 1681 2965 ez
1705 2888 1838 2966 Curvus
1861 2889 2028 2991 quasdam
2051 2917 2131 2995 qua
2145 2895 2224 2969 sunt
2239 2899 2333 2969 trino

980 3004 1258 3081 dimensionum.
1288 3002 1405 3096 Quod
1431 3004 1457 3079 ii
1479 3028 1579 3080 nunc
1599 3002 1780 3081 Parabolae
1801 3004 1871 3081 illae
1896 3008 2094 3085 nontalitor
2121 3009 2198 3085 sunt
2220 3012 2338 3085 secan·
2398 3001 2400 3030 '

979 3120 1055 3207 dae,
1084 3119 1150 3196 erit
1171 3118 1386 3216 Trajeetona
1410 3122 1526 3220 aliqua
1552 3116 1756 3222 Ellipliszsi
1779 3146 1863 3201 vero
1882 3120 2096 3226 Hyperbolae
2115 3126 2211 3219 itur,
2232 3127 2336 3201 mle·

982 3238 1100 3315 bimus
1116 3260 1186 3337 pro
1209 3234 1463 3331 Traielioriis,
1493 3235 1574 3313 alias
1600 3234 1830 3336 Hyperbolus
1848 3241 2031 3339 prioribus
2055 3242 2182 3319 simila
2208 3244 2247 3319 tr
2262 3264 2334 3321 coo
2398 3241 2400 3256 '

983 3358 1195 3451 centricas3
1235 3350 1411 3429 srCurvae
1449 3351 1518 3427 illae
1554 3355 1665 3429 trium
1689 3354 1958 3433 dimensionum
1985 3356 2058 3436 fior
2083 3360 2261 3449 secaodae,
2284 3360 2335 3433 erit
2380 3355 2400 3484 Ι]

983 3472 1090 3549 etiam
1110 3470 1326 3569 Trajeetona
1355 3469 1491 3547 altiori·
1512 3467 1670 3544 ordinis:
1688 3466 1736 3545 stc
1760 3474 1881 3571 itaque
1904 3496 1990 3574 pars
2006 3477 2185 3575 posterior
2211 3476 2333 3555 Proble·
2398 3483 2400 3570 ξ

983 3590 1089 3665 matis
1121 3588 1301 3685 triplicem
1332 3586 1552 3663 solutionem
1577 3584 1754 3663 admittit:
1780 3590 1882 3687 prior
1911 3612 2001 3667 vero
2025 3596 2134 3670 etiam
2153 3594 2328 3695 triplicem
2398 3577 2400 3592 Ι

984 3702 1050 3779 nist
1075 3728 1139 3805 per
1169 3704 1421 3781 conditionem
1443 3702 1624 3803 aliquam,
1648 3702 2080 3803 qualeanueoous
2106 3701 2333 3813 addit[quad

985 3842 1074 3899 tero
1102 3820 1275 3897 nonsatis
1300 3817 1497 3916 intelligo]
1528 3818 1752 3917 restringatur
1774 3821 1821 3897 ad
1838 3844 1948 3899 unam
1967 3824 2127 3927 aliquam
2149 3826 2333 3929 simplicem

1046 3934 1165 4015 Miror
1190 3936 1386 4037 quomodo
1406 3936 1639 4014 Nrwron
1654 3956 1706 4011 os
1727 3936 1814 4013 scire
1833 3944 1995 4037 potuerit
2013 3966 2075 4019 me
2095 3937 2336 4024 auctoremeffe

988 4048 1154 4158 Epistolae
1174 4054 1286 4141 illius,
1315 4076 1424 4155 quam
1453 4051 1558 4129 inseri
1583 4051 1721 4167 curasti*
1743 4052 1873 4129 chartae
1903 4056 1957 4133 iili
1985 4074 2114 4138 contra
2139 4062 2181 4138 N
2198 4080 2337 4142 unro-

990 4192 1101 4251 teon
1133 4170 1322 4271 publicatae
1348 4162 1448 4269 (1);
1480 4191 1567 4247 cum
1592 4182 1713 4245 tamen
1732 4192 1843 4247 nemo
1862 4171 2070 4252 mortalium
2088 4178 2236 4257 s'cirerit
2252 4203 2298 4256 me
2310 4173 2340 4250 il

991 4288 1063 4365 lam
1088 4283 1278 4387 scripsisse,
1304 4282 1373 4362 nifi
1394 4284 1453 4363 Tu
1477 4286 1521 4361 ad
1539 4306 1650 4384 qoem
1673 4284 1801 4385 scripta
1827 4287 1897 4377 est,
1925 4290 1963 4364 &
1982 4316 2055 4390 ego
2084 4320 2106 4371 a
2131 4296 2260 4395 quos
2290 4297 2343 4392 'pn

992 4405 1051 4481 est.
1087 4400 1248 4481 Fortassis
1272 4416 1393 4479 autern
1416 4399 1590 4501 expressio
1617 4400 1697 4488 isla,
1718 4418 1789 4507 par
1806 4427 1857 4481 un
1886 4397 2209 4497 Marionaticr'en
2232 4404 2344 4518 rupes·

991 4508 1105 4593 tenda
1133 4510 1471 4602 Mathematiciem
1498 4515 1610 4593 alium
1641 4516 1749 4595 habet
1780 4520 1920 4598 sensum
1944 4546 2053 4623 quam
2077 4542 2186 4632 putes
2213 4558 2224 4608 z
2251 4521 2346 4630 potest

958 4656 965 4671 ·
994 4634 1092 4715 enirn
1119 4638 1226 4711 etiam
1260 4638 1307 4713 ita
1341 4634 1451 4721 sumi,
1476 4630 1571 4733 quast
1596 4632 1887 4713 Newaonue
1910 4634 2133 4733 crediderit,
2171 4643 2344 4747 Epistolrn
2398 4631 2399 4642 '

993 4744 1094 4829 istam
1121 4744 1189 4827 eise
1217 4746 1477 4851 srppofititiam
1494 4750 1534 4825 dc
1559 4764 1728 4850 tanquam
1754 4774 1776 4831 a
1798 4750 2062 4845 Mathematico
2086 4747 2250 4863 quodam
2276 4781 2344 4834 con

1026 4988 1092 5087 (r)
1121 4996 1220 5072 &ivit
1241 4982 1361 5089 exipso
1385 4988 1673 5081 eranrrro
1700 4990 1747 5081 ad
1767 4995 2120 5083 docereturque
2141 5006 2300 5097 foetore·
