5459 6684
259 951 263 964 .
434 930 1296 1053 ΗΠΜςῃῊιιιιιιιιιιοιιιιιι,
1327 965 1456 1043 Ense.
1481 968 1659 1046 cxcn.
1701 983 1769 1065 ιιι

255 1146 272 1171 ·
377 1108 447 1186 iud
473 1111 677 1213 prudenter
702 1120 858 1203 monet,
883 1103 1051 1184 Proceres
1078 1096 1233 1180 Veners
1258 1099 1385 1178 emisso
1415 1100 1590 1183 Gutta
1606 1130 1618 1181 1
1634 1129 1898 1222 eamr-1712

380 1245 448 1303 ιιο
481 1227 600 1306 talem
639 1223 847 1328 quatiituros
883 1221 1220 1306 Mathematicum,
1264 1219 1327 1318 qui
1371 1219 1481 1293 etiam
1521 1225 1615 1298 circa
1648 1225 1889 1302 curemMaa

379 1366 571 1442 aquarum
596 1344 696 1419 utilis
734 1337 819 1418 effe
815 1339 944 1440 ffpoffit
1012 1337 1135 1438 itaque
1159 1357 1336 1442 magnum
1362 1334 1527 1434 pondus
1540 1339 1771 1427 habiturum,

379 1455 408 1530 sr
442 1483 463 1534 a
495 1459 670 1540 Domino
695 1458 836 1557 Agnato
874 1471 973 1544 tuo,
1002 1455 1133 1554 sagacis
1165 1456 1293 1575 utique
1317 1452 1458 1549 ingenii
1495 1451 1664 1552 Juvene,
1697 1457 1768 1534 tale

257 1571 263 1644 ’ζ
366 1574 483 1672 quid
511 1576 691 1675 expedari
721 1571 846 1673 poffet
908 1572 1033 1666 Quare
1063 1569 1192 1646 mihi
1182 1553 1220 1644 rr'r
1247 1582 1409 1652 mentem
1439 1573 1570 1658 teuit,
1608 1569 1703 1648 reite
1723 1573 1768 1650 ii-

384 1691 469 1768 ium
499 1694 701 1778 rasurum,
724 1688 750 1765 fi
781 1705 907 1794 quam-
909 1693 1068 1801 primum
1093 1688 1180 1764 huic
1203 1688 1357 1783 negotio
1379 1675 1544 1764 animum
1574 1688 1765 1787 applicet,

256 1808 260 1845 ⁷
389 1803 429 1885 dt
461 1833 503 1883 re
536 1795 677 1885 Tecum
699 1809 992 1894 communicata,
1022 1807 1083 1883 eui
1109 1802 1238 1878 nihil
1228 1826 1267 1877 ιιι
1292 1799 1349 1878 his
1377 1804 1485 1880 rebus
1511 1805 1665 1886 arduum
1690 1805 1762 1901 est,

380 1923 651 2023 promuliidem
693 1923 849 2026 aliquam
891 1922 974 1999 edat
1009 1924 1049 2016 in
1082 1919 1187 2006 hoc,
1223 1915 1323 1994 unde
1347 1916 1457 2016 spent
1490 1921 1544 1995 iili
1574 1925 1767 2020 concipere
1882 1992 1888 2006 ,

381 2053 548 2138 queant,
572 2039 771 2117 accedente
801 2027 874 2139 ipsa
910 2039 1040 2116 hurum
1066 2059 1188 2112 rerum
1214 2033 1442 2134 tredanone,
1478 2035 1641 2116 futurum
1664 2038 1769 2116 illum

380 2156 422 2230 in
447 2179 496 2234 eo
523 2179 659 2256 genere
686 2157 816 2234 utilem
841 2154 1066 2252 Reipublicae
1089 2153 1166 2228 rue.
1209 2149 1255 2229 Et
1280 2151 1361 2227 sane
1386 2175 1439 2229 res
1457 2153 1588 2255 estptr
1611 2156 1646 2232 se
1663 2178 1769 2254 egre·

384 2275 473 2370 gia,
501 2276 566 2362 dc,
590 2296 668 2353 non
698 2277 823 2351 minus
843 2275 894 2351 ob
919 2269 1288 2368 subtilitatemquam
1310 2269 1360 2350 ob
1378 2269 1503 2358 usum,
1527 2265 1618 2350 scitu
1646 2271 1766 2372 digna.

387 2387 426 2464 Si
458 2408 669 2466 excurreret
700 2391 745 2466 ad
771 2387 958 2485 Batavos,
988 2389 1114 2486 ibique
1149 2387 1290 2485 aquaria
1323 2409 1434 2486 opera
1469 2387 1693 2488 inspiceret,
1729 2390 1768 2468 id
1828 2403 1836 2416 “

390 2504 591 2603 plurimum
616 2507 662 2582 ad
683 2507 1045 2585 commendationem
1066 2503 1183 2578 facere
1209 2496 1357 2599 puiset
1395 2501 1465 2578 Sed
1492 2504 1568 2584 haec
1592 2529 1671 2582 mea
1690 2505 1771 2585 suit

393 2625 575 2718 cogitata,
605 2647 683 2724 quae
720 2622 810 2700 Tuis
836 2618 1062 2706 summitto,
1096 2617 1254 2718 profetia
1292 2641 1339 2694 ex
1372 2623 1515 2720 optimo
1549 2624 1697 2764 animo,
1733 2625 1769 2700 dc

391 2737 500 2813 vobis
528 2735 811 2840 &Reipublicae
833 2737 1092 2820 consulendi·
1083 2794 1091 2810 .
1119 2787 1130 2811 .
1541 2793 1764 2818 .......

480 2967 690 3048 Dominum
724 2970 905 3071 Agnatum
935 2983 1039 3054 tuum
1074 2991 1170 3072 rogo
1205 2983 1247 3044 ut
1285 2994 1304 3045 a
1342 2992 1402 3046 me
1437 2961 1643 3068 salutest'
1632 2996 1662 3047 ιι
1691 2995 1769 3050 rent

387 3085 622 3183 gratiffimam
653 3088 837 3177 facienti
878 3087 1071 3188 aiiquando
1096 3083 1348 3164 meditationes
1379 3085 1454 3164 suas
1490 3110 1637 3164 mecum
1664 3079 1769 3165 'com-

385 3204 615 3291 manicabit,
649 3207 687 3279 ἀ
715 3206 858 3302 quaein
887 3193 930 3282 re'
956 3205 1126 3280 litteraria
1152 3215 1303 3298 agantur
1329 3205 1490 3282 docebit.
1551 3203 1639 3281 Non
1666 3205 1770 3282 dubi·

385 3332 426 3394 to
450 3323 544 3421 quin
572 3320 769 3418 plurimum
803 3326 837 3400 ei
865 3322 1043 3424 profuerit
1074 3323 1143 3397 iter
1175 3313 1297 3396 Parit
1282 3343 1397 3397 mntem
1458 3320 1593 3398 Annon
1635 3323 1772 3422 sperare

382 3435 479 3511 licet
508 3437 642 3514 inedita
673 3437 835 3539 quaedanr
863 3441 1004 3515 utilia
992 3463 1033 3516 ua
1061 3432 1216 3512 Domini
1241 3431 1387 3515 Fratris
1410 3440 1597 3570 quondam
1622 3438 1678 3515 tui
1702 3433 1773 3538 Ja-

384 3517 473 3628 cubi
495 3551 632 3628 schedis
657 3557 776 3632 adbuc
794 3557 964 3639 latentia,
997 3559 1036 3630 in
1059 3554 1179 3630 lucem
1209 3553 1450 3659 proditura.

479 3667 540 3749 Tu
566 3693 735 3772 quoque,
754 3695 851 3749 cum
877 3671 992 3748 multa
1018 3670 1139 3748 adhuc
1173 3670 1339 3770 praeclara
1370 3671 1467 3748 haud
1496 3669 1651 3747 dubie
1640 3689 1679 3742 ιιι
1707 3685 1773 3742 nu-

386 3800 531 3863 merato
561 3787 723 3878 habeas,
753 3791 862 3864 velim
884 3812 931 3866 ne
952 3789 1217 3864 meditationes
1242 3801 1318 3865 tuas
1344 3791 1460 3888 perire
1482 3785 1609 3874 fines,
1642 3771 1773 3884 quibua

388 3927 505 3980 nemo
530 3911 687 4004 pretium
708 3929 847 4005 ponere
868 3929 931 3986 me
952 3905 1019 3981 scit
1048 3905 1187 3982 melius.
1249 3903 1418 4004 inprimis
1442 3917 1572 4002 optem
1604 3915 1646 3980 ut
1670 3901 1773 3996 cogi·

389 4033 447 4096 tes
474 4021 519 4122 de
538 4021 692 4099 Mathefi
710 4025 832 4120 ,magis
865 4023 1049 4121 magisque
1087 4022 1135 4099 ad
1165 4034 1329 4098 naturam
1358 4019 1586 4120 applicanda.
1646 4013 1771 4114 Digna

391 4133 451 4210 Te
477 4135 558 4211 sunt
589 4163 670 4238 quae
701 4138 746 4213 de
783 4138 952 4214 musculis
977 4138 1122 4230 dedisti3
1154 4137 1236 4213 talia
1260 4137 1361 4237 plura
1390 4138 1472 4212 dare
1508 4135 1651 4236 poffes,
1691 4157 1771 4234 que

396 4249 499 4324 usum
529 4253 760 4330 ostenderent
793 4245 1006 4330 Matheseos
1037 4258 1146 4330 etiam
1171 4256 1210 4327 in
1237 4277 1275 4357 re
1309 4253 1459 4329 medice.
1522 4253 1596 4331 Scis
1624 4273 1772 4348 magnas

399 4383 498 4440 nunc
523 4361 590 4442 eiie
616 4369 695 4445 lites
718 4371 757 4446 in
789 4367 1019 4473 Anglia„in
1052 4363 1233 4455 Batavis,
1266 4370 1304 4444 in
1338 4363 1488 4464 Gutta,
1518 4371 1563 4446 de
1598 4369 1661 4446 usu
1691 4365 1773 4444 Me·

398 4479 566 4557 chaniees
595 4487 632 4560 in
662 4485 869 4565 Medicina:
901 4485 1048 4588 qnidam
1073 4499 1210 4587 negant
1238 4491 1361 4564 omnia
1390 4485 1466 4563 fieri
1494 4485 1703 4563 mechanice
1734 4485 1772 4558 in

398 4597 604 4676 nostrorum
629 4627 828 4705 corporum
854 4604 1083 4693 titionibus,
1116 4607 1154 4680 in
1183 4628 1341 4706 quorum
1369 4627 1519 4680 nurnero
1552 4604 1602 4682 est
1627 4601 1772 4678 Surr-

397 4737 509 4791 nrus
533 4717 626 4814 ille,
652 4727 713 4822 qui
745 4747 807 4821 per
833 4723 967 4799 litteras
1000 4746 1144 4800 mecum
1167 4725 1315 4800 certavit
1327 4735 1346 4817 ,’
1369 4721 1427 4797 sed
1468 4721 1578 4797 credo
1609 4719 1775 4818 semetip-

395 4833 474 4910 sum
504 4837 680 4915 nonsatis
703 4840 882 4937 intelligit.
944 4837 1107 4932 Quidam
1136 4856 1261 4918 contra
1289 4843 1411 4916 omnia
1442 4851 1568 4938 putant
1601 4835 1773 4938 expiicari

396 4975 417 5028 a
453 4950 561 5027 nobis
589 4953 689 5050 posse
719 4959 936 5034 mechanice.
985 4958 1068 5056 Ego
1095 4961 1228 5034 neutris
1259 4957 1415 5033 accedo:
1459 4953 1593 5060 Omnia
1622 4957 1771 5054 quidem

395 5080 435 5158 in
458 5066 515 5144 bis
543 5073 751 5154 mechanice
779 5072 897 5165 fiunt,
925 5073 985 5153 sed
1015 5072 1185 5154 nondum
1213 5097 1261 5148 eo
1292 5073 1404 5176 usque
1440 5075 1591 5174 profert
1623 5074 1768 5156 sumus,

488 5178 580 5267 Tam.
618 5182 674 5270 II.
796 5275 799 5284 ,
1156 5187 1313 5271 4Μιιι
1464 5250 1468 5259 .
1732 5197 1776 5263 ut
