5459 6684
420 835 1645 928 LleNITlIErBERNOULllnError.CXXVI.
1698 857 1741 938 σς

346 994 460 1106 ipffi,
486 1019 555 1072 nee
584 983 832 1069 machinalis,
863 979 924 1060 sed
954 979 1194 1082 liquoribus:
1233 979 1373 1082 alioqui
1404 988 1504 1061 enim
1536 1013 1614 1066 non
1639 994 1869 1101 igno-mon

344 1123 442 1199 rabis
476 1113 729 1195 Hoorrrun
755 1103 792 1178 δι
817 1099 928 1190 alios,
965 1100 1083 1198 [imo
1108 1100 1180 1194 jam
1199 1095 1328 1199 ‚ipsum
1367 1097 1645 1200 Gearrrun]
1672 1133 1745 1208 ope
1761 1111 1916 1187 Decemb,

346 1236 556 1316 rotulorum
581 1239 645 1302 aut
676 1218 926 1321 cylindrorum
958 1240 1025 1319 pro
1060 1215 1178 1290 lubitu
1207 1215 1449 1315 multiplicare
1479 1217 1745 1304 sensibilitatem

350 1352 589 1430 divilionum.
633 1341 676 1420 ln
710 1333 929 1439 Hagmatana
967 1333 1228 1412 constructione
1257 1333 1306 1408 est
1337 1333 1477 1433 aliquid
1509 1335 1741 1418 difficultatis.

349 1471 510 1550 Interim
549 1485 633 1540 cum
674 1477 783 1554 neges
828 1452 912 1530 Tibi
946 1453 1106 1532 constare
1141 1453 1179 1526 in
1212 1453 1338 1550 praxin
1377 1450 1477 1528 soille
1508 1454 1745 1552 tradutlam3

351 1611 438 1666 non
466 1579 609 1685 polium
638 1597 713 1652 nou
739 1569 937 1670 significare
967 1569 1207 1650 Huurnurr
1236 1559 1400 1648 Lutetia
1424 1563 1648 1675 Parfiorum
1677 1571 1743 1651 Ba.

353 1717 561 1782 rometrum
588 1687 852 1796 Hugem'anum
876 1687 1067 1792 aliquoties
1095 1683 1324 1772 elaborasse,
1366 1686 1633 1790 successumque
1665 1715 1744 1768 non
1819 1689 1824 1698 ’

235 1873 238 1884 .
355 1817 520 1896 defuille.
566 1809 638 1890 Sed
668 1833 793 1886 uerum
820 1809 870 1884 est
902 1805 1245 1906 multiplicationem
1279 1801 1345 1879 elle
1374 1803 1586 1896 limitatam,
1616 1811 1653 1888 de
1683 1809 1744 1884 de·

350 1935 518 2036 pendere
542 1955 561 2006 a
583 1927 826 2028 proportione
854 1949 954 2026 aquae
986 1923 1032 2004 ad
1061 1920 1332 2020 hydrargyrum.

417 2045 654 2150 Groninganca
670 2042 856 2143 Cycloidis
879 2041 1037 2120 Historia
1052 2035 1072 2136 ,'
1090 2050 1131 2114 ut
1148 2061 1167 2113 a
1194 2033 1288 2113 Viro
1304 2039 1455 2139 scripta,
1472 2041 1536 2141 qui
1554 2045 1748 2139 argumend

353 2183 439 2246 turn
470 2167 587 2266 ipsum
621 2160 804 2240 nonsatis
841 2157 1025 2259 profunde
1058 2153 1238 2244 excullrt,
1273 2179 1421 2232 morere
1455 2156 1510 2234 Te
1544 2157 1746 2235 admodum

355 2309 437 2362 non
462 2283 578 2358 debet
615 2279 933 2378 Suppeditaveram
963 2272 1030 2376 ipli
1057 2274 1225 2350 notitiam
1252 2274 1516 2351 nonnullorum
1534 2271 1746 2351 novillimo·

361 2423 476 2486 rum,
507 2397 579 2472 sme
608 2395 737 2496 quibua
765 2391 884 2470 adhuc
910 2395 1025 2492 magis
1054 2413 1180 2472 manca
1210 2389 1306 2499 foret
1321 2417 1332 2478 3
1360 2391 1420 2467 led
1439 2393 1601 2492 quaedam
1626 2405 1749 2468 tamen

367 2512 518 2598 omisit,
551 2511 711 2588 acinon
737 2509 814 2583 latis
838 2509 1030 2586 intellexit.
1071 2505 1161 2584 Non
1188 2506 1484 2584 dillrmulaveram
1505 2505 1749 2607 totumipliur

369 2631 575 2707 institutum
607 2625 697 2700 mihi
724 2647 849 2720 parurn
877 2623 1058 2722 probari3
1089 2646 1208 2722 neque
1238 2625 1341 2698 enim
1375 2628 1466 2700 tanti
1503 2625 1555 2700 est
1583 2628 1626 2700 lie
1655 2627 1751 2698 inter

368 2743 514 2828 Italum
542 2745 578 2817 &
619 2735 796 2832 Gallum;
828 2755 866 2816 ut
897 2733 1107 2818 Germanus
1140 2743 1216 2837 ejus
1252 2739 1441 2824 historiam
1481 2743 1638 2836 scribat3
1668 2763 1752 2816 cum

369 2863 564 2964 praesertim
588 2860 705 2933 multo
730 2859 875 2954 majoris
902 2859 1084 2932 momenti
1107 2853 1173 2932 lint
1193 2857 1317 2955 postea
1344 2859 1487 2936 deteda.
1540 2858 1609 2934 Sed
1637 2855 1754 2934 voluit

368 2979 436 3056 ille
462 2977 725 3056 Bibliothecarn
754 2973 989 3050 universalem
1017 2971 1157 3060 edere,
1192 2974 1248 3050 uel
1277 2973 1488 3064 Codicem,
1520 2961 1629 3078 [haec
1653 2977 1751 3052 enirn

367 3095 519 3172 nomina
553 3092 772 3189 placebant]
800 3092 836 3164 in
872 3114 952 3187 quo
978 3087 1062 3162 ellat
1090 3089 1135 3164 de
1162 3091 1333 3167 omnibus
1376 3091 1521 3193 aliquid
1576 3091 1751 3191 Quae'de
1860 3106 1871 3116 '

370 3217 445 3310 jure
467 3209 632 3306 gentium
658 3209 823 3291 miratur,
852 3206 909 3278 vel
935 3207 973 3278 in
996 3200 1130 3292 Libro,
1164 3205 1222 3280 vel
1246 3209 1283 3280 in
1315 3209 1384 3285 suis
1412 3211 1456 3285 ad
1488 3235 1547 3286 me
1574 3211 1750 3302 Litteris,

372 3327 464 3404 mihi
490 3347 566 3399 non
599 3323 700 3398 valde
734 3319 974 3413 satisfaciunt3
1005 3320 1170 3422 plerique
1199 3323 1312 3400 hodie
1339 3331 1471 3406 volunt
1499 3325 1628 3405 Libros
1664 3325 1754 3406 scri·

376 3445 485 3528 bere,
514 3439 615 3516 nullo
653 3444 690 3518 iu
723 3463 783 3516 eos
808 3454 977 3535 tempore
1002 3452 1063 3516 aut
1086 3439 1210 3516 labore
1236 3445 1418 3542 impenso:
1448 3445 1508 3520 [ed
1537 3449 1584 3521 ita
1616 3446 1753 3540 Reipu·

376 3561 483 3638 blicae
508 3580 633 3652 parum
657 3557 823 3656 prosunt,
851 3557 1067 3656 plerumque
1102 3558 1209 3632 etiam
1237 3555 1313 3636 fibi.
1369 3561 1444 3640 Diu
1470 3562 1561 3637 nihil
1587 3587 1607 3635 a
1632 3559 1754 3639 Gno.

376 3655 567 3752 armaio
596 3673 696 3751 vidi:
723 3671 908 3752 occasione
933 3674 1012 3773 data
1039 3673 1203 3750 monebo
1241 3698 1319 3778 quae
1353 3701 1482 3758 mones
1484 3729 1750 3756 .......

453 3912 566 3987 Aiunt
590 3909 712 3986 nescio
742 3911 832 4010 quid
859 3913 1074 3988 innovatum
1105 3909 1148 3984 ab
1173 3916 1282 3990 anuis
1314 3915 1476 4014 pauculis
1510 3912 1577 3990 eise
1608 3919 1647 3990 in
1681 3912 1758 4012 Hy·
1873 4015 1877 4022 Ι

382 4028 654 4104 dracontilleriis
688 4024 824 4104 Batauis
854 4051 919 4127 per
953 4026 1080 4103 Tubos
1110 4024 1248 4106 flexiles
1271 4035 1344 4106 vim
1373 4031 1601 4107 emerentibus
1633 4044 1760 4106 contra

387 4143 557 4220 incendia.
620 4141 681 4222 De
713 4169 758 4224 eo
789 4157 878 4244 peto
912 4159 954 4221 ut
991 4145 1150 4245 inquiras
1165 4167 1177 4237 3
1212 4148 1368 4248 &quid
1403 4147 1478 4223 hoc
1508 4148 1561 4220 rei
1602 4143 1644 4222 fit
1670 4147 1762 4225 mihi

391 4255 572 4354 significes.

468 4371 563 4448 luter
592 4375 795 4472 praeiudicia
827 4377 1013 4455 acutillrmi
1039 4376 1266 4459 Vornrnr
1298 4379 1432 4466 nostri,
1458 4401 1536 4454 non
1573 4385 1765 4463 minimum

390 4488 569 4589 estquod
602 4487 848 4570 extensionem
876 4499 1040 4598 ‘concipit
1049 4550 1065 4594 a
1102 4513 1144 4576 ut
1175 4496 1345 4599 quiddam
1375 4498 1624 4596 primitivum,
1662 4501 1764 4604 quod

255 4691 257 4696 Ι
388 4607 492 4684 faciat
520 4609 685 4706 corporis
707 4609 908 4708 essentiam3
936 4639 1021 4691 eum
1049 4615 1210 4694 extensio
1234 4616 1323 4693 nihil
1354 4615 1451 4692 aliud
1476 4619 1590 4692 menti
1622 4623 1764 4720 ingerat

390 4745 498 4822 quam
526 4723 752 4804 diffusionem
783 4733 963 4832 quandam
995 4721 1093 4836 [seu
1129 4736 1340 4811 continuam
1373 4733 1666 4836 repetitionem]
1696 4738 1764 4814 ali·

388 4843 490 4935 cujus
513 4847 718 4920 communis
740 4863 875 4925 natura
902 4875 967 4948 per
991 4851 1091 4948 plura
1116 4853 1348 4931 coexistentia
1361 4879 1371 4938 3
1400 4875 1564 4954 quaenam
1583 4869 1703 4933 autem
1723 4853 1766 4926 irt

383 4953 444 5032 illa
474 4971 601 5034 natura
623 4984 701 5036 non
729 4967 929 5064 exprimat,
963 4967 1023 5044 sed
1051 4969 1303 5069 prasupponat
1329 4991 1339 5050 ε
1368 4969 1466 5049 unde
1482 4973 1650 5052 extensio
1677 4968 1767 5044 rela-

475 5061 572 5150 Tm
604 5069 635 5148 I
635 5070 667 5152 I.
1216 5081 1239 5164 l
1655 5087 1772 5160 tivum
