5459 6684
989 802 1060 891 ³18
1228 802 1664 906 commercium
1718 796 2158 881 arrarorrouu.

816 984 921 1057 1713,
988 938 1100 1017 Setiei
1131 944 1387 1036 inventorem
1415 936 1475 1015 sed
1504 934 1579 1036 ipse
1603 936 1746 1013 videbis
1775 938 1867 1035 quid
1898 936 1968 1014 hac
2000 937 2047 1013 de
2080 962 2120 1016 re
2150 937 2193 1017 lit
2223 947 2434 1027 credem·
2466 1023 2468 1038 ,

809 1065 877 1159 Jul.
989 1058 1101 1145 dum,
1130 1058 1194 1135 ubi
1219 1054 1264 1133 ad
1285 1079 1412 1133 manua
1434 1054 1602 1131 habueris
1625 1050 1810 1129 Libellum
1833 1051 2081 1153 Epistolarum.
2128 1055 2261 1137 Potest
2291 1065 2400 1157 ema,
2461 1121 2466 1212 l

988 1188 1031 1253 ut
1054 1172 1342 1251 Guaooarus
1376 1173 1555 1249 invenerit
1590 1172 1714 1269 prius,
1752 1171 1853 1270 quod
1884 1168 1945 1247 Tu
1979 1174 2102 1269 postea
2135 1176 2251 1253 etiam
2299 1180 2399 1262 Tuo

988 1305 1100 1367 marte
1126 1288 1314 1377 introisti,
1351 1291 1390 1367 dt
1423 1288 1553 1365 inscius
1586 1287 1691 1386 quod
1725 1301 1808 1363 ante
1831 1286 1887 1364 Te
1913 1291 1987 1385 jam
2014 1289 2123 1366 luerit
2148 1292 2194 1367 ab
2218 1295 2304 1373 alio
2334 1304 2395 1375 in-
2459 1279 2464 1298 '

988 1420 1146 1483 rentum.
1207 1405 1382 1495 Interim,
1414 1404 1526 1505 liper
1550 1405 1684 1480 litteras
1716 1404 1869 1501 probare
1893 1420 2000 1504 poter
2030 1406 2148 1506 ipsum
2169 1409 2392 1494 Nawao-

988 1548 1095 1605 uum
1127 1524 1185 1603 Te
1215 1528 1375 1624 primum
1397 1520 1585 1600 credidiffe
1609 1518 1870 1622 mentorem,
1907 1523 1944 1597 ἃ
1973 1526 2166 1601 inventum
2187 1528 2385 1626 laudaffe,

988 1642 1063 1719 hoc
1089 1644 1127 1719 in
1167 1666 1245 1719 rem
1270 1640 1390 1719 Tuam
1413 1642 1578 1741 apprime
1605 1639 1714 1715 faciet
1753 1635 1896 1717 bmulat
1925 1643 2024 1717 enim
2050 1636 2090 1713 N
2105 1662 2382 1742 twrorrua,

988 1760 1029 1836 iu
1051 1758 1228 1860 aliquibus
1253 1760 1381 1837 litteris
1409 1761 1447 1833 in
1478 1755 1624 1834 Libello
1653 1756 1721 1833 isto
1750 1753 1964 1855 publiutis,
1996 1757 2032 1835 se
2065 1785 2144 1841 nora
2171 1764 2272 1843 adeo
2304 1794 2382 1849 ma.

990 1879 1056 1975 gni
1071 1876 1220 1956 -facere
1247 1876 1341 1953 hanc
1362 1874 1524 1962 Setiam,
1543 1875 1594 1950 ob
1619 1872 1767 1970 segnem
1789 1872 1992 1953 admodbm
2016 1877 2317 1978 advergentiam,
2341 1914 2381 1969 ut

991 1990 1109 2070 &fibi
1129 1994 1270 2073 dudum
1283 1990 1501 2086 annotatae,
1518 1993 1620 2092 quod
1638 1994 1761 2089 ptimo
1774 1990 1923 2071 inventa
1940 1994 2049 2069 luerit
2063 2020 2083 2070 a
2098 1994 2374 2087 baaoorrro.

1075 2110 1240 2189 Tandem
1264 2110 1337 2189 Ha
1354 2138 1373 2184 a
1389 2132 1420 2185 u
1435 2133 1459 2183 a
1472 2132 1499 2183 u
1512 2129 1541 2185 u
1556 2129 1610 2183 ua
1637 2106 1779 2195 noster,
1816 2130 1837 2183 a
1863 2106 2039 2188 Cathatto
2068 2111 2258 2213 pudorati,
2293 2150 2375 2225 quo
2466 2198 2468 2234 Ι

989 2222 1188 2317 laborabat,
1208 2229 1415 2322 restitutus,
1445 2238 1530 2303 ante
1555 2224 1741 2302 otliduum
1773 2226 1841 2299 iter
1860 2225 2034 2327 ingreliua
2056 2228 2128 2318 est,
2148 2230 2363 2343 Argeum.

989 2356 1072 2419 turn
1102 2360 1253 2447 petens,
1284 2344 1373 2423 hlne
1399 2334 1684 2447 Fraomarium
1714 2328 1766 2416 ad
1776 2332 1978 2435 Manum,
2013 2346 2078 2423 ubi
2099 2372 2171 2425 nou
2188 2351 2250 2431 diu
2273 2378 2354 2435 mo.

991 2464 1152 2557 rabitur,
1186 2463 1247 2539 led
1283 2457 1446 2559 citillime
1481 2474 1609 2561 perget
1652 2450 1943 2564 francofurtum
1970 2461 2023 2539 ad
2048 2458 2259 2559 Viam,
2283 2471 2374 2553 Pro·

992 2580 1149 2657 vinciam
1174 2578 1238 2657 fibi
1271 2578 1523 2656 demandatam
1550 2577 1808 2676 auspicaturus.
1869 2580 1974 2675 Quid
1998 2580 2046 2659 de
2071 2586 2153 2681 [ede
2177 2587 2239 2663 sua
2259 2582 2375 2667 Pata-

990 2696 1112 2784 vina,
1138 2696 1286 2775 discedo
1307 2696 1374 2773 suo
1407 2708 1554 2775 vacante
1574 2694 1719 2783 talida,
1748 2698 2000 2776 constituerint
2025 2698 2197 2779 Proceres
2211 2700 2349 2785 Veneti
2360 2771 2369 2799 ,

992 2829 1055 2893 aut
1080 2814 1168 2915 quid
1198 2813 1266 2893 fine
1304 2814 1560 2902 constituturi,
1593 2809 1659 2914 ipsa
1685 2834 1790 2915 aeque
1816 2838 1859 2891 ac
1888 2816 1981 2893 mihi
2008 2820 2176 2915 ignotum
2203 2822 2372 2910 haetenus

992 2940 1063 3017 fuit
1086 2984 1310 3011 .........
1339 2928 1507 3009 Tradidit
1534 2952 1651 3028 nuper
1678 2929 1738 3008 Cl.
1774 2928 1842 3009 Ha
1856 2958 1880 3011 u
1893 2954 2094 3011 manuus
2112 2936 2256 3035 Agoato
2283 2970 2374 3023 meo

992 3052 1169 3153 Diploma
1193 3070 1212 3123 a
1233 3044 1403 3123 Domino
1434 3045 1498 3123 Cu
1514 3068 1610 3123 uro
1641 3062 1858 3146 acceptum,
1894 3076 1971 3152 quo
1994 3055 2032 3127 in
2061 3051 2275 3133 Societatem
2295 3056 2375 3137 Re.

996 3174 1094 3269 giam
1123 3160 1393 3243 Berolinensem
1425 3178 1648 3263 cooptatur3
1671 3186 1740 3263 pro
1770 3188 1847 3265 quo
1880 3173 1951 3267 jam
1979 3173 2102 3267 gratias
2128 3174 2207 3271 egit
2236 3172 2370 3253 Domi-

997 3307 1048 3365 no
1074 3284 1254 3365 carro
1280 3302 1344 3381 per
1365 3280 1521 3368 littam,
1543 3306 1609 3385 per
1637 3280 1845 3386 Dominum
1871 3284 2196 3365 Harmauuurr
2224 3292 2367 3373 adeum

995 3400 1216 3484 deferendas.
1277 3398 1384 3478 Hisce
1407 3399 1556 3507 quidem
1584 3400 1703 3483 Vale.
1729 3397 1795 3479 Vir
1816 3402 2065 3511 Αωρὶίίῑίιιιε,
2097 3404 2253 3487 &Fare

1094 3614 1210 3709 Μία
1230 3639 1261 3688 a.
1286 3614 1319 3688 d.
1344 3632 1403 3703 29.
1428 3614 1510 3709 Julii
1542 3629 1649 3703 17¹3·

1489 3809 1763 3924 Amputudini
1792 3810 1898 3901 Tuae
1922 3808 2212 3901 Devotiffimus
2466 3839 2468 3938 l

1909 4035 1941 4139 J.
1986 4034 2279 4123 Brauouarr.
