5459 6684
398 791 1667 925 nninnriiiiraiiuonriir‚i·:r1si.ccxum.
1705 834 1775 943 34}

341 966 541 1069 collegi.
606 969 761 1048 Gratum
781 968 850 1044 suit
871 965 1079 1065 intelligere
1098 964 1272 1045 traditum
1300 966 1389 1046 Tibi
1416 972 1539 1064 fuisse,
1574 1002 1695 1081 neque
1711 980 1776 1059 dis·
1795 996 1890 1105 171'5
1924 1013 1929 1024 ¹

341 1084 554 1183 plicuisse
587 1076 773 1165 Libellum
801 1108 925 1161 menni
960 1082 1143 1162 Gallicum
1171 1082 1235 1161 De
1257 1086 1384 1190 praxi
1399 1080 1586 1168 Nautiai.
1644 1070 1950 1197 Optatpehnsffi

346 1200 450 1279 sem
486 1227 604 1295 tero,
638 1218 682 1277 ut
710 1224 795 1277 euni
827 1201 942 1301 aliqua
968 1224 1052 1277 cum
1082 1206 1287 1280 attentione
1320 1204 1443 1302 legere
1472 1203 1559 1283 Tibi
1594 1212 1746 1289 licuiffet
1765 1268 1782 1303 ,

352 1338 460 1419 quo
494 1320 709 1398 sententiam
739 1317 830 1393 serre
855 1316 1024 1417 potuisses
1046 1316 1091 1394 de
1111 1318 1198 1413 lite,
1229 1317 1322 1419 qma]
1347 1321 1415 1396 hac
1434 1324 1474 1396 in
1504 1318 1560 1398 re'
1577 1330 1777 1406 etiamnum

354 1438 585 1515 intercedit
625 1434 715 1511 milii
749 1456 834 1529 cuin
865 1430 967 1510 Dno.
1013 1432 1294 1523 aniin0,
1325 1461 1438 1538 quern
1479 1442 1651 1519 omnibus
1683 1450 1776 1522 meir

357 1556 617 1641 rationibus,
653 1552 847 1650 partimin
875 1548 989 1627 Libro
1021 1576 1135 1638 meo,
1169 1554 1304 1651 partim
1334 1557 1372 1628 in
1397 1556 1498 1630 variis
1527 1555 1654 1635 litteris
1685 1584 1776 1660 quas

358 1670 420 1747 ad
456 1672 679 1767 objettiones
701 1670 744 1745 ab
775 1690 823 1742 eo
848 1666 940 1744 mihi
963 1683 1083 1745 motas
1109 1666 1323 1745 diluendum
1349 1670 1395 1745 ad
1417 1670 1537 1769 ipsunt
1560 1676 1770 1777 perscripsi,

356 1788 416 1863 ab
447 1810 604 1863 erronea
631 1786 808 1885 opinione
838 1784 899 1861 sna
925 1786 1103 1861 nondum
1120 1784 1273 1861 avellere
1293 1788 1410 1885 potui.
1446 1845 1455 1861 .
1487 1838 1519 1862 ,.
1519 1846 1773 1871 .......

354 2018 501 2099 Facile
525 2019 696 2107 credam,
729 2018 832 2119 quod
862 2016 1327 2119 postquam-Serenilsimus
1362 2018 1466 2097 Titui
1492 2020 1664 2126 Princeps
1690 2026 1777 2105 Ma*

363 2159 467 2238 gnae
506 2134 713 2215 Britannia
743 2134 922 2210 thronum
956 2134 1196 2221 conscendit,
1240 2133 1401 2212 Societas
1430 2127 1639 2241 Anglicann
1674 2146 1774 2221 nolit

367 2262 459 2357 jain
488 2254 611 2333 haberi
634 2274 703 2353 pro
728 2250 787 2327 sua
810 2249 1003 2337 sententia,
1026 2250 1129 2349 quod
1159 2267 1280 2325 tamen
1309 2254 1387 2347 ejus
1403 2254 1610 2336 austoritate
1635 2258 1674 2335 aa
1700 2284 1772 2339 no«

367 2377 483 2450 mine
505 2374 645 2469 prodiit
668 2370 708 2442 in
738 2364 950 2440 Conmercio
977 2354 1187 2470 Epistolico,
1214 2378 1387 2466 tanquam
1415 2366 1558 2468 Jndicia
1592 2376 1771 2456 sententia

372 2484 560 2565 decisoria
595 2508 670 2585 pro
706 2478 981 2558 ani'onoa
1049 2479 1212 2559 Fortassis
1251 2486 1365 2559 etiam·
1400 2482 1621 2566 Kaririis
1662 2490 1771 2571 suum

370 2600 564 2682 Libellum
592 2598 776 2679 Gallicum
797 2594 936 2701 (quem
971 2608 1056 2711 ante
1090 2596 1241 2697 Reginae
1271 2598 1415 2677 obitum
1444 2598 1671 2707 publicavit)
1691 2631 1771 2687 non

371 2721 501 2799 suisset
526 2720 796 2819 publicaturus,
818 2712 845 2790 fi
874 2704 1101 2816 prasenfillet
1121 2728 1284 2815 optatam
1302 2716 1426 2807 illam,
1447 2742 1530 2821 quae
1553 2722 1770 2823 paulopost

375 2840 563 2937 contigit,
597 2830 876 2913 conversionem
917 2855 1041 2909 rerum
1076 2824 1391 2911 Britannicarum.
1455 2836 1768 2921 eonfultiffimunr

375 2960 449 3033 erit
467 2954 569 3055 quod
591 2950 752 3028 formasti
775 2946 970 3026 consilium
995 2948 1103 3025 edere
1131 2950 1283 3051 aliquod
1307 2950 1581 3033 Commerciiim
1611 2954 1763 3036 Littera

351 3074 474 3147 'rium
505 3066 609 3145 alteri
639 3067 695 3143 illl
726 3060 879 3166 Anglico
909 3064 1186 3165 opponendum.
1251 3068 1350 3146 Cum
1376 3074 1472 3147 enim
1496 3065 1613 3175 Angit·
1636 3080 1760 3156 omnia

368 3210 440 3290 per
464 3185 598 3263 litteras
622 3182 998 3277 &rerumgestarum
1021 3180 1182 3259 historias
1211 3186 1379 3263 evincere
1401 3190 1754 3271 contendant...

370 3326 521 3408 aequum
539 3303 608 3391 est,
634 3314 675 3378 ut
703 3302 739 3375 dc
765 3297 850 3376 'Tua
875 3296 1057 3398 producas
1085 3299 1131 3377 ad
1156 3300 1430 3384 Commerciuni
1456 3306 1550 3385 illud
1573 3316 1763 3409 pertinen·

368 3426 447 3511 iia,
477 3422 524 3497 ab
550 3417 791 3497 adulatoribus
825 3408 1083 3491 Newtmianr's
1112 3416 1272 3497 conisa..
1294 3474 1306 3496 ‚.
1324 3475 1335 3495 .
1354 3471 1368 3495 a
1384 3478 1420 3497 ..
1508 3423 1679 3523 Optantii
1713 3429 1761 3502 li.

369 3542 504 3617 benter
523 3536 644 3615 videre
672 3533 838 3612 libellum
866 3530 967 3608 illum
991 3530 1387 3634 GallicumKrir113
1416 3530 1486 3641 (i)
1514 3540 1609 3616 nibil
1632 3566 1680 3618 ex
1707 3562 1760 3620 eo

367 3656 471 3751 vidi,
501 3678 609 3756 quani
631 3652 733 3755 quod
753 3668 871 3747 nuper
890 3648 1012 3723 noster
1030 3646 1099 3725 Hir
1114 3670 1136 3725 n
1150 3674 1246 3729 nait
1259 3678 1350 3729 uua
1364 3653 1586 3756 perscripsit,
1605 3680 1759 3760 excerp-

368 3790 453 3853 tum
480 3769 527 3850 ex
561 3770 698 3849 Diario
729 3755 928 3869 Hegioni,
947 3758 1074 3842 mensis
1105 3764 1192 3869 Jolii
1225 3770 1442 3869 &Augusti
1477 3798 1598 3870 1714,
1638 3781 1759 3853 maxi-

323 3872 327 3883 ’
370 3914 470 3971 niam
491 3887 692 3989 partemad
720 3908 778 3961 me
799 3880 983 3981 speirano
1010 3880 1074 3959 nili
1102 3884 1203 3986 quud
1227 3880 1323 3969 dicat
1353 3880 1584 3965 Ketaion
1609 3889 1664 3968 Te
1691 3918 1758 3993 pa·

373 4030 453 4087 roni
489 4005 690 4083 honorifice
716 4000 885 4087 tradate,
916 4001 1046 4097 pariter
1076 4024 1117 4078 ae
1147 4002 1343 4079 Austorem
1370 4005 1430 4081 rel
1461 3993 1637 4084 tannes
1656 4008 1756 4087 illiue

373 4122 560 4222 Epistola,
586 4142 666 4219 quae
694 4116 885 4217 Apologiae
916 4114 1007 4191 loco
1030 4138 1098 4216 pro
1127 4113 1184 4193 'se
1215 4114 1404 4197 inlunem
1431 4122 1580 4221 prodiit.
1626 4124 1754 4205 Tuum

268 4276 270 4325 :
375 4236 601 4315 schediasma
622 4258 773 4337 quoque
797 4236 891 4310 cirea
911 4242 1036 4308 motus
1065 4228 1320 4333 Horreorum,
1352 4229 1456 4315 Attis
1483 4230 1627 4347 Lipsten
1641 4239 1752 4332 rbus,

373 4352 500 4433 mensis
525 4350 706 4430 Februarii
742 4356 849 4439 1689
880 4348 1076 4445 insertum,
1108 4350 1171 4427 sub
1200 4370 1351 4431 examen
1382 4361 1570 4451 revocari,
1602 4361 1640 4433 in
1672 4384 1752 4463 quo

268 4514 272 4563 ς
372 4470 586 4551 Kiraios
616 4470 708 4548 duos
737 4466 996 4573 paralogismos
1017 4483 1147 4546 notare
1165 4470 1344 4548 moliatur.
1369 4474 1449 4554 =ild
1460 4499 1521 4549 me
1542 4497 1629 4552 vero
1644 4476 1750 4578 quod

373 4595 517 4677 attinet,
548 4587 712 4688 agnoscit
737 4585 886 4691 quidem
915 4606 1096 4675 errorem,
1118 4608 1229 4688 quem
1254 4588 1380 4667 detexi
1409 4598 1449 4669 in
1483 4592 1748 4674 Nawnouo

268 4752 270 4797 ς
372 4712 465 4786 circa
489 4707 830 4831 determinationem
854 4696 1050 4777 resistentie
1073 4700 1309 4786 commiss‘uni
1355 4704 1488 4815 (Vide
1518 4709 1747 4790 schediasma

373 4944 525 5139 &sm
547 4944 689 5043 Jortrnd
715 4948 883 5025 utronno
912 4959 1018 5037 1714·
1053 4944 1138 5039 Juil.
1166 4940 1214 5034 ὅ
1245 4945 1357 5022 Aouff·
1385 4950 1463 5019 Ais·
1494 4965 1529 5039 4
1558 4850 1749 5045 14ῗὲῗῖ

445 5068 513 5121 uri.
