5459 6684
1220 744 1655 833 COMMERCIUM
1701 733 2143 815 eettroctcvnt.

952 976 1548 1015 *mn*
1564 970 2135 994 t-fl-*nn———a-—m-
2146 975 2390 995 nan——

1121 1060 2178 1229 arrironn'ccxrsn.
2308 1096 2458 1241 't

1007 1354 1587 1473 retentarent)
1645 1349 2306 1437 naunouretum

1171 1560 1495 1731 Responiio
1536 1562 1610 1684 ad
1641 1515 2077 1729 praecedentem.
2456 1555 2458 1708 Ι

949 1840 1002 1915 De
1035 1828 1165 1909 tieem
1191 1836 1343 1907 Nautica.
1373 1830 1425 1901 De
1444 1826 1497 1899 lite
1510 1826 1573 1919 sua
1590 1852 1660 1900 nnn
1684 1822 1932 1901 Newton'ianis.
1960 1832 2012 1899 Dr
2036 1826 2232 1922 Proftffrone
2253 1830 2353 1906 Para„

1054 1961 1057 1967 ·
1325 1930 1415 2001 vina.
1458 1933 1511 2000 De
1537 1928 1923 2041 Scaeucuznno.
2456 1961 2458 2038 ἔ

1154 2128 1228 2214 Vir
1257 2116 1567 2225 Celeberrime,
1590 2120 1743 2207 Fautor
1767 2118 2124 2251 iionoradilimel

867 2376 876 2397 ·
1038 2346 1395 2431 Πιοιιιιιιιιιιιι
1429 2356 1492 2423 tua
1525 2324 1573 2418 de
1594 2334 1829 2421 Phornnomia
1859 2334 2019 2419 navium
2047 2340 2313 2426 diliertatlotan-

1044 2468 1129 2547 dem
1158 2466 1202 2547 ad
1231 2492 1290 2545 me
1323 2462 1511 2563 pervenit,
1543 2462 1734 2564 postquam
1769 2458 1957 2539 converfio
1990 2486 2116 2539 rerum
2143 2455 2331 2541 Britanni.

944 2608 1075 2663 cartem
1096 2588 1254 2665 reditum
1280 2576 1547 2663 Hartuovercan
1576 2569 1699 2655 meum
1718 2580 1937 2656 acceleravit
1967 2576 2139 2656 Praeclara
2165 2582 2243 2658 edis
2260 2584 2331 2683 ipe·

944 2705 1077 2781 cimina
1106 2704 1200 2783 Attis
1228 2700 1423 2801 Analyticae
1451 2700 1490 2773 in
1524 2720 1563 2773 re
1588 2698 1859 2774 maxime‘utili
1895 2696 2058 2775 humano
2087 2704 2230 2797 generi.
2296 2700 2335 2779 Et

942 2818 1048 2917 ipero
1071 2820 1233 2909 futuros,
1260 2821 1324 2919 qui
1352 2814 1509 2893 Tabulae
1530 2814 1718 2917 οοιιόιιιιιἸ
1739 2814 1862 2913 quales
1878 2810 2082 2915 proponis,
2111 2819 2247 2915 quibus
2263 2820 2336 2896 cai·
2440 2811 2445 2856 ³

942 2934 1047 3011 culus
1077 2936 1279 3015 sublevetur
1301 2928 1380 3039 (ι)
1407 2930 1588 3032 Equidem
1609 2930 1880 3009 distraililiimuc
1907 2937 2060 3030 negotiis
2078 2934 2114 3005 dr
2132 2934 2337 3013 laboribus

940 3048 1067 3127 diverli
1081 3051 1195 3151 louge
1216 3052 1360 3149 generis
1378 3103 1390 3135 ,
1410 3072 1489 3125 non
1502 3049 1603 3124 aliter
1627 3049 1748 3147 legere
1769 3052 1876 3149 potui
1889 3042 2033 3125 Librum
2056 3064 2177 3133 tuum,
2207 3070 2342 3148 quam

937 3180 981 3243 ut
1002 3166 1157 3245 solemus
1178 3166 1352 3247 Historiae
1370 3162 1428 3241 rel
1452 3162 1717 3254 Romaniicos,
1745 3188 1815 3245 nec
1837 3163 1967 3264 figurae
1988 3188 2073 3241 cum
2091 3166 2214 3239 verbis
2236 3189 2340 3243 con·

937 3282 1058 3375 ferre,
1088 3300 1150 3363 aut
1174 3283 1495 3364 ratiocinationum
1520 3282 1632 3381 plicas
1662 3280 1830 3360 evolvere
1862 3283 2003 3376 licuit3
2035 3298 2177 3358 tantum
2203 3296 2339 3361 tamen

937 3393 977 3477 in
998 3400 1065 3479 'his
1090 3388 1196 3481 rebus
1220 3404 1343 3481 tribuo
1368 3402 1521 3499 ingenio
1536 3398 1749 3501 judicioque
1774 3415 1859 3489 tuo,
1888 3414 1932 3476 ut
1953 3425 2031 3477 non
2052 3400 2216 3478 dubitem
2232 3400 2335 3479 sum-

936 3540 1036 3595 mam
1056 3524 1108 3597 rei
1131 3520 1217 3599 Tuo
1247 3519 1368 3599 studio
1401 3516 1497 3594 rede
1529 3514 1597 3593 elie
1623 3518 1849 3615 explicatam
1910 3514 2052 3595 Placuit
2079 3521 2189 3595 etiam
2220 3520 2335 3619 quod

934 3640 1060 3733 magni
1086 3640 1212 3741 utique
1245 3635 1312 3713 viri
1339 3626 1541 3737 Chrestiani
1562 3625 1739 3724 Honore
1755 3658 1796 3711 ιι
1819 3636 1857 3712 &
1876 3634 2058 3731 judiciunt
2078 3636 2268 3713 vindicasti
2290 3640 2330 3713 dr

935 3750 1093 3830 desectus
1124 3754 1341 3854 suppleviili.
1404 3749 1598 3850 Eleganter
1628 3754 1739 3828 etiam
1759 3752 1887 3829 notasti
1916 3752 2160 3847 objeiiionem
2189 3742 2327 3829 Reuni—

931 3856 1058 3944 dinam
1082 3868 1234 3945 similem
1264 3869 1332 3946 elie
1357 3868 1428 3956 illi,
1459 3892 1530 3969 qua
1558 3862 1798 3945 Vanntus
1831 3870 1921 3945 olim
1948 3863 2083 3968 Jesuita
2112 3859 2235 3945 Italus
2269 3894 2325 3947 re-

930 3986 1054 4083 gulam
1087 3982 1187 4085 plani
1208 3984 1371 4063 inclinati
1388 3983 1633 4084 impugnabat.
1664 3986 1760 4063 Cum
1785 3978 1962 4061 Britanni
1989 4010 2108 4087 nuper
2130 3990 2322 4087 praemium
2449 3997 2458 4155 ι

930 4104 1061 4199 ingens
1079 4104 1355 4201 longitudinum
1383 4101 1570 4179 inventori
1600 4104 1877 4190 constituerint,
1908 4101 2051 4179 fortalie
2071 4107 2212 4180 dabunt
2227 4129 2322 4203 ope·

928 4240 1030 4317 ram,
1064 4224 1109 4296 ut¹
1128 4234 1251 4297 caetera
1279 4220 1324 4299 ad
1352 4242 1432 4297 rem
1449 4220 1630 4297 nauticam
1657 4222 1872 4318 pertinentia
1896 4220 2097 4298 accuratius
2127 4222 2324 4300 elaboren-

929 4348 1014 4425 tur,
1059 4334 1220 4439 Tutaque
1247 4336 1438 4439 profundae
1467 4332 1721 4411 meditationes
1756 4340 1795 4412 in
1820 4334 2009 4414 confilium
2031 4338 2289 4415 adhibeantur.

998 4448 1112 4531 Multi
1142 4456 1216 4533 illic
1253 4452 1330 4531 Viri
1357 4452 1517 4553 preclari
1539 4450 1766 4529 adulatdrunt
1794 4453 2045 4531 Nawnont
2074 4458 2319 4532 temeritatem

927 4590 1055 4664 parum
1087 4573 1267 4669 probant..
1318 4572 1373 4650 Cl.
1407 4570 1787 4649 Cannancnnus
1811 4564 1832 4676 (
1848 4572 1996 4647 celebris
2012 4567 2130 4649 Statu
2149 4564 2321 4675 Magnae
2456 4655 2458 4674 Ι

926 4673 1133 4761 Britannia
1149 4686 1336 4765 novillime
1369 4676 1510 4793 edito)
1530 4708 1612 4764 cum
1644 4688 1779 4765 litteras
1811 4688 1981 4791 quasdam
2005 4690 2049 4767 ad
2077 4690 2115 4769 se
2140 4712 2239 4793 meas
2271 4695 2313 4765 in

2219 4829 2313 4884 con-

869 4977 871 4985 «
985 4916 1046 5017 (1)
1073 4920 1113 4997 td
1133 4928 1250 5039 egregie
1265 4928 1548 5021 fraumenta.
1575 4906 1660 5040 nno.
1687 4932 1856 5017 error
1883 4950 1917 5015 a
1943 4944 2087 5017 ancone
2110 4943 2152 5017 ae
2176 4945 2208 5017 a
2231 4945 2310 5020 na

918 5038 1058 5097 nocuere
1074 5022 1129 5096 des
1145 5022 1318 5099 Varffeaux
1340 5030 1468 5103 reduite
1488 5058 1531 5106 en
1554 5039 1720 5130 pratique.
1744 5037 1837 5114 Picis
1859 5058 1966 5131 1731.
1997 5048 2045 5134 4⁰.
