5459 6684
964 821 1009 896 aa
1179 804 1627 892 conuenerunt
1671 805 2131 876 uersi-orreum
2211 749 2235 780 '

688 973 689 980 ‘
797 975 901 1068 1702,
966 957 1088 1060 postea
1119 965 1242 1032 coram
1277 949 1400 1046 Rege,
1427 945 1597 1043 Regina,
1625 945 1776 1048 &Aula
1810 948 2078 1045 produsturum.
2137 933 2229 1022 ldsr
2257 946 2359 1025 mibi

691 1071 694 1078 ’
794 1077 929 1169 Jniuar.
971 1070 1210 1177 praedixisses,
1237 1061 1406 1166 parassem
1432 1061 1516 1138 Tibi
1538 1059 1743 1163 Phosphori
1764 1066 1952 1164 exemplar
1985 1066 2024 1136 in
2053 1063 2181 1157 majori
2214 1063 2252 1137 &
2284 1065 2366 1141 cle·
2478 1160 2479 1175 ,

909 1281 915 1290 ¹
974 1192 1131 1294 gantiori
1158 1185 1281 1259 sorana.

1046 1305 1087 1382 ln
1118 1303 1241 1376 litteris
1264 1299 1351 1376 Tuis
1376 1298 1420 1374 ad
1455 1297 1509 1376 ct.
1546 1293 1854 1402 Vorounuru,
1876 1297 1963 1374 dicis
1993 1294 2361 1380 Tscurrturrro.

978 1441 1095 1500 siun
1135 1417 1257 1492 moliri
1286 1420 1394 1493 etiam
1426 1418 1516 1490 vitra
1554 1412 1854 1515 Telescopiorum
1897 1416 2009 1511 longe
2045 1418 2311 1512 porrigentium
2343 1482 2362 1513 ‚
2478 1460 2479 1489 i

978 1536 1096 1638 qualia
1129 1532 1518 1611 Hanssornuaus
1540 1530 1721 1610 elaborat:
1743 1534 1780 1608 id
1812 1556 1887 1632 ego·
1910 1532 2148 1626 nesciveram3
2189 1539 2362 1634 putabam
2478 1542 2479 1549 '

978 1657 1076 1732 enim
1104 1651 1207 1730 illum
1238 1653 1367 1728 versari
1396 1662 1535 1726 tantum
1572 1651 1611 1723 in
1642 1644 1741 1727 vitris
1773 1651 1932 1727 causticis
1966 1647 2237 1740 conficiendis,
2269 1679 2364 1757 quo.

979 1791 1060 1848 runt
1094 1771 1221 1848 crebro
1248 1773 1471 1846 mentionem
1501 1765 1586 1841 sacit
1605 1758 1650 1841 'in
1679 1760 1763 1843 Au.
1793 1761 1914 1845 Erud.
1945 1769 1981 1842 δι
2007 1767 2102 1843 alibi.
2153 1765 2233 1847 Hac
2259 1797 2370 1853 occa-

979 1885 1079 1964 sione
1102 1889 1220 1964 dicam
1251 1877 1392 1988 [quod
1422 1883 1588 1960 nondum
1624 1883 1826 1995 iecissem]
1873 1909 1932 1961 me
1964 1883 2088 1959 moliri
2133 1910 2268 1966 noram
2300 1893 2367 1970 ali-

983 2029 1092 2107 quam
1118 2006 1274 2104 speciem
1303 2003 1438 2104 speculi
1461 1999 1637 2088 caustici,
1674 2004 1742 2079 levi
1771 2011 1890 2104 pretio
1919 2003 1956 2076 ἃ
1993 2001 2118 2079 labore
2159 2003 2362 2103 parabihs,

982 2126 1089 2198 etiam
1120 2121 1182 2198 sub
1214 2122 1331 2200 forma
1364 2122 1538 2219 ingenti,
1569 2141 1589 2193 a
1626 2142 1701 2218 quo
1734 2144 1810 2196 nou
1845 2123 2025 2197 minorem
2066 2119 2233 2200 effeetum
2273 2129 2371 2206 mihi

982 2239 1163 2338 polliceor
1189 2263 1298 2340 quarn
1331 2240 1380 2314 ab
1406 2235 1593 2315 ordinariis
1616 2259 1663 2311 ex
1690 2239 1866 2338 chalybe,
1902 2239 2021 2316 aliove
2054 2239 2205 2319 metallo
2225 2243 2322 2340 sadis
2351 2269 2370 2344 ς

983 2355 1198 2456 perscribam
1229 2354 1424 2434 successum
1462 2355 1772 2454 quam-primum
1808 2379 1980 2458 paravero
1979 2410 2208 2436 .......
2311 2424 2364 2441 ,.

1038 2587 1221 2666 Machinte
1248 2591 1316 2667 illae
1346 2587 1567 2689 hydraulicas
1603 2602 1730 2666 contra
1757 2592 1958 2681 incendia,
1995 2617 2082 2695 quas
2110 2594 2198 2673 dicis
2218 2602 2263 2686 ,in
2301 2601 2368 2679 usu

981 2702 1049 2781 effe
1076 2707 1171 2804 apud
1197 2705 1373 2802 Batavos,
1408 2709 1451 2782 dc
1467 2705 1649 2780 instrustas
1672 2707 1768 2785 tubis
1794 2707 2039 2799 flexibilibus,
2068 2712 2164 2790 sorte
2187 2718 2279 2796 nihil
2298 2715 2375 2794 fin·'

982 2823 1106 2921 gulare
1122 2823 1277 2913 habent.
1330 2821 1426 2898 Nam
1447 2820 1655 2915 huiusmodi
1684 2825 1757 2919 jam
1784 2827 1855 2902 vidi
1886 2826 1977 2901 olim
2004 2823 2187 2908 Genenaez·
2209 2853 2285 2914 erat
2306 2861 2374 2914 au·

972 2954 1054 3042 tem
1084 2940 1185 3025 illa,
1224 2943 1276 3014 uti
1315 2938 1526 3026 ordinan‘a3
1554 2935 1686 3015 scilicet
1716 2942 1899 3019 constabat
1929 2964 2065 3037 magno
2094 2952 2365 3041 receptaculo,

907 3093 909 3105 ·
982 3051 1084 3149 quod
1115 3053 1152 3128 in
1176 3055 1354 3126 anteriore
1377 3069 1477 3150 parte
1509 3053 1662 3131 habebat
1687 3059 1779 3136 duos
1809 3056 1992 3155 cylindros
2016 3112 2026 3142 ,
2059 3059 2098 3128 in
2126 3059 2257 3152 quibus
2284 3085 2370 3130 em-

980 3166 1284 3244 bolialternatim
1311 3167 1548 3248 ascendebant
1578 3175 1615 3250 &
1642 3173 1930 3258 descendebant,
1959 3187 2000 3245 nt
2024 3169 2098 3243 hoc
2124 3167 2240 3244 modo
2272 3191 2370 3267 aquas

981 3281 1084 3358 radio
1107 3285 1286 3362 continuo
1312 3290 1598 3387 exprimeretur,
1632 3296 1669 3370 δι
1695 3287 1842 3390 quidem
1874 3311 1940 3386 per
1962 3286 2117 3382 longum
2142 3284 2272 3360 tubum
2302 3308 2372 3361 co·

981 3403 1139 3477 riacenm
1164 3403 1268 3478 instar
1299 3405 1489 3498 intestini,
1520 3434 1630 3510 quem
1658 3409 1773 3480 homo
1805 3401 1972 3501 aliquis,
2010 3401 2286 3502 apprehendens
2326 3405 2366 3478 in

982 3521 1160 3593 anteriore
1187 3517 1318 3618 parte,
1351 3523 1471 3603 secum
1496 3525 1631 3598 serebat
1657 3522 1695 3592 in
1731 3516 1867 3593 summa
1898 3519 2030 3594 aedium
2059 3519 2116 3592 rel
2144 3513 2321 3593 tedorum
2350 3576 2363 3607 ,

983 3632 1220 3713 &orificium
1247 3643 1321 3736 ejus
1347 3663 1475 3738 aquam
1501 3639 1680 3711 continuo
1705 3653 1878 3708 evomens
1911 3634 2026 3710 versus
2060 3633 2215 3732 angulos
2239 3633 2277 3708 &
2307 3659 2365 3710 re-

982 3747 1093 3826 cessus
1120 3751 1327 3851 dirigebat,
1363 3767 1403 3825 ut
1433 3754 1507 3824 hoc
1544 3747 1650 3847 parto
1687 3748 1910 3826 succurreret
1939 3753 2148 3854 ubicunque
2180 3748 2360 3827 necessitas

980 3867 1193 3965 postularet:
1220 3867 1405 3964 Inquiraur
1433 3867 1579 3941 interim
1604 3891 1650 3942 arr
1673 3866 1846 3964 syringes·
1873 3861 2107 3944 Batavorum
2128 3868 2264 3970 aliquid
2295 3865 2361 3942 sm-

981 3977 1138 4080 galasius
1170 3982 1355 4077 habeant3
1388 4005 1465 4085 quo
1498 3981 1581 4061 casu
1611 3983 1897 4060 delineationem
1934 3985 2012 4062 fieri
2042 3987 2217 4074 curabo,
2252 4007 2361 4088 quam

978 4103 1132 4176 mittam..
1995 4106 1999 4113 ’

1048 4212 1241 4292 Dimittam
1272 4215 1384 4294 hodie
1409 4208 1559 4294 Litteras
1585 4239 1674 4319 quas
1705 4210 1833 4292 dedisti
1860 4215 1906 4296 ad
1932 4211 2205 4299 Vocnrnuu
2237 4240 2249 4308 3
2289 4240 2360 4296 una

982 4357 1066 4411 eum
1091 4332 1233 4434 adicitis
1262 4336 1305 4412 ad
1335 4333 1545 4414 Dominum
1570 4333 1814 4415 Ounruuu
1840 4335 1876 4412 dt
1903 4333 2159 4416 Braurona:
2187 4361 2272 4414 meo
2291 4341 2362 4413 uti-

983 4474 1055 4551 que
1079 4475 1155 4529 non
1187 4454 1327 4556 indiges
1357 4449 1539 4540 consilio,
1566 4451 1611 4528 ad
1633 4461 1794 4524 mentem
1821 4443 1940 4531 'suam
1964 4456 2021 4534 Cl.
2051 4455 2288 4554 Vornaao
2307 4457 2362 4528 in.

979 4567 1265 4662 telligibiliorem
1295 4569 1545 4656 reddendam3-
1581 4561 1645 4638 nisr
1682 4561 1769 4638 velis
1800 4583 1860 4643 me
1895 4570 2009 4648 facem
2039 4573 2117 4653 soli
2152 4571 2358 4652 accendere.

980 4673 1102 4754 Video
1131 4683 1255 4780 ipsnni
1279 4687 1470 4759 notionem
1501 4676 1634 4755 habere
1661 4677 1860 4756 substantiae
1891 4709 1910 4763 a
1938 4681 2019 4768 Tua
2050 4690 2206 4769 multum
2247 4691 2362 4768 diver-

982 4793 1077 4887 saru3
1106 4802 1359 4876 verumetiam
1384 4799 1452 4880 est,
1485 4795 1588 4895 quod
1623 4793 1872 4877 extenhonem
1897 4803 2026 4885 habeat
2046 4832 2115 4910 per
2141 4811 2360 4909 primitivam

983 4918 1148 5014 corporis
1163 4915 1373 4993 essentiam:
1396 4909 1456 4988 Tu
1482 4931 1576 4990 sero·
1593 4912 1683 4993 dicis
1699 4931 1776 4992 eam
1799 4916 1864 4997 esse
1883 4933 2025 5008 tantum
2040 4930 2232 5011 :relativum
2247 4925 2357 5024 quid,

1596 5057 1610 5078 ·
1676 5049 1686 5077 ²
2323 5039 2361 5115 &
