5459 6684
1016 891 1091 958 ωε
1171 855 2310 994 corruentiumnrrsron'rourr.

1021 1017 1267 1116 srmilibusque
1293 1033 1452 1107 agerem.
1513 1005 1636 1082 Nemo
1668 1007 1767 1078 enim
1801 1006 1875 1082 hoc
1905 1022 2162 1104 argumentum
2193 1021 2322 1098 melius
2364 1051 2427 1103 er.

853 1089 959 1161 ¹⁷¹2
1118 1139 1126 1153 ·
1413 1173 1429 1188 ..
1601 1125 1635 1161 ··
1714 1117 2012 1198 alumnia
2074 1125 2095 1202 a
2295 1141 2301 1156 ·

858 1176 937 1266 Just,
1028 1139 1144 1214 coluit
1183 1155 1292 1231 quam
1316 1125 1401 1227 Jure
1445 1121 1637 1212 Consulti,
1677 1119 1711 1194 se
1771 1145 1784 1194 r
1964 1147 2070 1201 asa
2120 1147 2218 1212 certa
2248 1162 2424 1243 pnnerpn

955 1250 970 1262 ”
1030 1247 1292 1332 methodumve
1327 1253 1557 1320 revocarunt.

1117 1365 1222 1443 linus
1256 1345 1572 1437 Helorinus
1618 1353 1708 1430 mihi
1738 1373 1814 1429 non
1847 1349 2020 1450 fignificat
2047 1359 2241 1443 confilium·
2266 1371 2329 1449 irbi
2359 1379 2420 1453 elie

1035 1482 1199 1562 mutandi
1230 1475 1464 1554 Puta-vinam
1494 1473 1707 1548 stationem:
1738 1492 1816 1546 non
1845 1483 1963 1546 tamen
1990 1478 2164 1572 mirarer,
2198 1483 2317 1566 fialia
2350 1519 2420 1568 non

1036 1600 1206 1677 inferiore
1235 1594 1356 1670 oblata
1386 1593 1460 1666 hoc
1483 1589 1635 1675 faceret,
1672 1610 1757 1663 cum
1791 1586 1835 1660 ad
1870 1583 2113 1668 lllinisterium
2145 1585 2421 1686 Ecclesiasticu'm

1014 1718 1225 1794 ‚ordinatus
1252 1707 1314 1804 lit,
1349 1711 1452 1804 cujus
1486 1703 1687 1781 sormones
1714 1704 1780 1780 illo
1807 1705 1843 1776 in
1870 1703 1957 1780 loco
1983 1730 2154 1785 exercere
2186 1741 2263 1796 uon
2293 1729 2421 1823 potest.

1036 1825 1144 1911 Idem
1169 1826 1261 1904 nihil
1282 1825 1328 1902 ad
1357 1847 1416 1898 me
1449 1823 1493 1898 de
1529 1819 1789 1898 Gurrnrmr
1804 1843 1858 1895 nr
1884 1826 2084 1900 mutatione
2108 1828 2253 1930 scripsit.

1011 1923 1018 2012 s
1121 1947 1267 2024 Monita
1293 1940 1373 2019 Tua
1402 1939 1445 2018 ad
1478 1937 1738 2020 Atrometriam
1762 1936 1994 2026 moram,
2025 1966 2106 2041 qnae
2134 1947 2199 2046 ipli
2224 1955 2418 2047 tranlmili‚

1036 2077 1222 2145 merentur
1247 2059 1443 2163 aliquando
1474 2055 1519 2130 ab
1546 2079 1592 2130 eo
1607 2057 1644 2129 in
1668 2053 1770 2128 ulum
1799 2055 1908 2139 verti,
1937 2077 2022 2130 cum
2046 2057 2295 2166 Opuseulum‚
2323 2093 2423 2152 ως.

1037 2207 1074 2260 ra
1111 2182 1278 2278 elegans,
1313 2173 1439 2251 incudi
1461 2169 1593 2248 reddet
1645 2166 1734 2246 Non
1763 2167 1948 2267 legissed
1970 2173 2148 2268 volutavi,
2175 2187 2211 2260 ἀ
2236 2211 2317 2264 cum
2345 2199 2424 2268 ani.

1036 2299 1300 2374 madverterem
1333 2287 1542 2375 Machinae,
1573 2311 1642 2386 qua
1669 2289 1743 2361 vim
1765 2288 1861 2362 venti
1893 2287 2060 2366 aestimare
2080 2296 2249 2395 instituit,
2276 2305 2420 2401 aliquid

1039 2411 1181 2504 decise,
1211 2407 1250 2484 id
1277 2431 1362 2484 eum
1387 2405 1479 2484 olim
1505 2406 1642 2479 monui.
1676 2403 1820 2501 Nempe
1837 2401 1899 2478 ille
1925 2409 2021 2482 venti
2039 2405 2170 2487 fluxum
2193 2421 2411 2496 continuum

1040 2528 1231 2625 concipit,
1259 2523 1372 2623 qualis
1398 2523 1448 2598 est
1480 2518 1660 2613 duminis3
1691 2519 1752 2595 sed
1784 2543 1907 2614 revera
1935 2538 2065 2598 ventus
2086 2529 2160 2623 agit
2186 2555 2248 2628 per
2277 2533 2421 2611 lueeui-

1040 2641 1184 2730 fiones,
1208 2655 1249 2718 ut
1274 2638 1324 2716 sre
1350 2640 1492 2724 dicam,
1521 2635 1651 2729 [Galli
1679 2635 1844 2712 dicerent
1866 2649 1942 2739 par
1962 2633 2101 2750 bandi]
2129 2669 2206 2744 qnae
2232 2671 2306 2747 qno
2343 2649 2421 2727 lunt

1015 2751 1267 2844 'crebriores‚
1295 2759 1390 2832 inter
1415 2756 1512 2830 idem
1539 2753 1715 2851 temporis
1742 2751 1923 2850 spatium,
1954 2779 2000 2832 eo
2020 2757 2172 2838 validior
2200 2765 2248 2840 est
2274 2782 2418 2855 ventur,

1040 2876 1206 2974 adeoque
1229 2873 1279 2947 est
1307 2875 1357 2947 vis
1382 2874 1458 2968 ejus
1484 2867 1684 2946 aellimanda
1711 2891 1788 2944 non
1819 2881 1962 2944 tantum
1997 2875 2166 2973 impetu,
2198 2879 2258 2954 led·
2293 2885 2329 2956 ἂ
2359 2889 2419 2958 im·

1039 3001 1193 3091 petuum
1219 2989 1459 3086 repetiturum
1490 2985 1734 3060 multitudine.
1779 2983 1959 3062 Videmus
1987 2989 2083 3066 nanc
2108 2998 2206 3070 venti
2231 2995 2414 3087 indolem,

1039 3103 1188 3205 quando
1212 3107 1251 3178 in
1281 3100 1428 3178 allerem
1454 3099 1659 3200 suspensum
1682 3103 1787 3200 agit,
1827 3125 1981 3201 eumque
2006 3129 2109 3184 nune
2138 3111 2303 3202 attollit,
2328 3139 2415 3191 nunc

1036 3219 1221 3298 non-nihil
1250 3219 1426 3306 remittit,
1458 3239 1542 3295 cum
1566 3239 1666 3318 aquae
1692 3216 1804 3315 janus
1832 3231 1892 3295 aut
1922 3215 2081 3296 fluminis
2112 3233 2198 3302 eur'n
2230 3231 2270 3305 in
2298 3231 2410 3309 eadem

1029 3337 1248 3435 obliquitate
1272 3334 1486 3411 conservare
1510 3331 1629 3432 poffit.

1117 3453 1297 3532 Nondum
1323 3451 1487 3528 intellexi
1515 3449 1708 3530 secundam
1735 3445 1942 3529 Editionem
1966 3447 2234 3560 Principiorum
2262 3445 2413 3540 Matre.

1030 3569 1247 3647 mrtieorum
1276 3569 1524 3658 anrour
1554 3559 1628 3672 (1)
1659 3564 1837 3667 prodiille.
1898 3565 2024 3646 Velim
2058 3571 2228 3669 discere,
2259 3585 2411 3677 quasin

1031 3677 1154 3788 priore
1179 3686 1442 3786 paralogismos
1468 3685 1627 3778 notaris,
1650 3673 1795 3787 scilicet
1825 3680 1919 3762 hane
1946 3686 2093 3763 veniam
2113 3687 2331 3796 petimusque
2344 3695 2411 3770 da·

1031 3797 1178 3907 measque
1200 3791 1365 3907 vicrffim.
1416 3795 1546 3903 Optim
1559 3825 1586 3874 rr
1608 3791 1744 3906 illeest
1775 3799 1841 3902 qui
1865 3785 2221 3908 minimis‘urgetur.
2261 3807 2409 3912 Egregia

1031 3921 1150 3998 adhue
1181 3920 1225 3996 ab
1253 3940 1300 3993 eo
1339 3917 1490 4018 praestari
1519 3915 1617 4016 polle
1647 3940 1724 3994 non
1759 3913 1932 3994 dubitem.
1989 3919 2031 3998 ln
2067 3915 2269 4002 Germania
2296 3929 2405 4004 nostra

1033 4059 1147 4116 nemo
1190 4034 1263 4110 fere
1298 4021 1576 4134 profundiorem
1616 4031 1863 4112 Geometriam
1907 4035 1986 4112 satis
2031 4037 2212 4140 intelligit
2273 4041 2408 4120 Wolf

1035 4177 1165 4232 arus.
1184 4204 1219 4227 ..
1241 4203 1279 4226 ..
1299 4205 1334 4227 ..
1354 4211 1363 4227 .
1385 4153 1516 4228 caeterir
1547 4149 1697 4248 praestat.
1743 4147 1941 4250 Plerique,
1965 4155 2028 4253 qui
2053 4155 2092 4228 in
2121 4148 2326 4236 Germania
2344 4162 2405 4237 stu-

961 4286 965 4294 '
1033 4273 1102 4348 diis
1131 4271 1218 4346 dant
1240 4291 1412 4366 operam,
1440 4269 1501 4342 vix
1532 4267 1577 4344 ad
1603 4266 1789 4344 necellaria
1816 4264 2017 4357 sufficiunt,
2055 4293 2220 4375 aegreque
2251 4282 2402 4354 animum

1034 4389 1207 4465 attollunt
1230 4385 1276 4460 'ad
1305 4385 1539 4468 sublimiora;
1562 4386 1645 4484 quia
1676 4383 1810 4462 scilicet
1832 4407 1894 4483 per
1919 4385 2030 4462 studia
2056 4409 2131 4463 non
2149 4391 2215 4468 nisr
2234 4397 2316 4471 vitae
2330 4397 2402 4472 sub·

1035 4502 1117 4581 fidia
1143 4517 1318 4604 quaerunt.
1377 4501 1425 4579 At
1450 4503 1488 4576 in
1522 4493 1592 4578 illis
1623 4501 1874 4602 regionibus,
1912 4503 1974 4579 ubi
2003 4501 2171 4584 homines
2207 4511 2400 4613 locupletes

2332 4629 2409 4706 daut

1132 4796 1193 4897 (ι)
1221 4813 1266 4874 Er
1289 4805 1411 4876 demrun
1440 4809 1492 4882 Αἵ
1520 4827 1622 4902 1713.
1636 4803 1757 4904 prodit
1784 4803 1960 4900 cantabrig.
1984 4812 2036 4900 4‘.
