5459 6684
406 861 731 940 carantam
754 863 819 932 aa
843 864 1039 946 sarua
1057 861 1232 940 utris,
1255 835 1391 932 Enisa.
1411 860 1666 938 ctxxxtuss.
1690 861 1758 951 aa<

383 1007 506 1084 fixum.
547 1005 598 1084 Et
631 1006 815 1106 promittit
846 1005 881 1080 se
910 1010 1032 1082 onmia
1067 1017 1319 1086 tentaturam,
1351 1019 1393 1080 ot
1425 1003 1595 1082 successio
1621 998 1908 1118 Ag'nat01712„

382 1147 467 1200 meo
489 1125 692 1202 saciiitetur.
738 1119 864 1200 Credit
889 1124 1061 1219 quosdam
1094 1145 1140 1199 ex
1162 1119 1244 1220 ipsis
1271 1112 1375 1195 Italis
1394 1119 1461 1196 suae
1490 1122 1633 1196 stationi
1661 1144 1762 1198 vaca·
1778 1123 1910 1218 Januar.

382 1251 470 1316 tnta
491 1242 693 1316 inhiatoros
716 1257 728 1316 t
754 1240 847 1314 inter
866 1238 955 1312 alios
981 1239 1175 1338 praesertim
1211 1229 1453 1337 Veraagliam
1483 1259 1606 1312 meum
1643 1259 1764 1338 quon-

386 1355 468 1432 dam
499 1355 714 1455 dissipatum
717 1405 989 1434 ..........
1012 1353 1156 1433 Dubito
1187 1355 1413 1438 etiamnum,
1450 1376 1496 1428 an
1515 1375 1694 1450 unquam
1719 1351 1763 1430 ut

382 1473 502 1547 iturus
521 1461 834 1574 Francosurtum,
861 1493 945 1545 cunt
973 1471 1132 1550 Parentis
1155 1469 1352 1560 sni'venia3
1382 1491 1492 1569 quare
1515 1465 1540 1542 s1
1568 1467 1763 1566 aliquando

383 1587 584 1664 constiterit
604 1611 721 1665 meam
744 1608 803 1664 me
815 1609 892 1663 non
914 1587 1072 1680 seseliisse
1091 1586 1352 1685 suspicionem,
1367 1607 1516 1685 operam
1537 1583 1659 1662 Tuam
1684 1607 1763 1661 non

377 1703 475 1776 maie
500 1705 697 1780 collocabis
723 1708 763 1778 in
793 1703 1040 1782 substituendo
1076 1728 1162 1780 meo
1185 1701 1354 1802 Agnato,
1388 1707 1470 1802 qui¹
1487 1699 1573 1778 Tibi
1603 1699 1648 1776 ad
1679 1701 1763 1776 ulti·

375 1833 481 1892 nsum
518 1821 600 1896 vitae
640 1818 797 1896 'halitum
833 1819 1016 1898 devintius
1044 1823 1151 1917 'erit3
1178 1819 1385 1916 negandum
1424 1820 1561 1918 quippe
1594 1839 1670 1892 non
1711 1819 1761 1894 est

375 1932 568 2010 stationem
606 1925 943 2039 Francrffartaaom
976 1937 1133 2014 multum
1165 1933 1234 2011 esse
1263 1933 1519 2034 praterendam
1552 1929 1757 2009 Patavina.
1914 1977 1922 1984 -

462 2047 609 2150 Scripsit
636 2051 726 2127 mihi
751 2048 1079 2129 Heannunus
1113 2052 1147 2128 se
1179 2050 1406 2151 Apologiam
1436 2049 1593 2126 nostram
1620 2046 1757 2148 suseep-

245 2165 250 2172 ’
381 2175 512 2258 turum,
551 2185 678 2244 contra
724 2165 1044 2256 sinensium
1089 2169 1126 2243 ἀ
1173 2165 1643 2252 Hrnrsoextauar,
1691 2165 1755 2244 sub

381 2277 499 2356 forma
516 2280 687 2381 -Epistoiae
717 2282 898 2384 Anonymi
918 2285 963 2362 a'd
991 2274 1255 2381 Anonymam,
1284 2297 1325 2358 ut
1342 2283 1647 2360 scilicetinventa
1676 2294 1756 2359 tum

380 2389 487 2482 Tua,
517 2412 597 2473 tum
629 2390 876 2499 flaganiam,
900 2395 1177 2494 Newtoniana,
1205 2400 1242 2474 ἀ
1266 2421 1347 2474 mea
1374 2413 1499 2475 contra
1526 2397 1593 2474 iios
1621 2397 1756 2496 suggil-

379 2506 518 2586 latores
559 2514 729 2588 vindicet.
778 2510 902 2590 Guiao
930 2517 1114 2592 Gnissi
1129 2539 1182 2590 us
1213 2513 1459 2610 Monachus,
1503 2517 1541 2589 in
1568 2512 1760 2590 Solutione

380 2612 458 2728 (1)
492 2625 729 2705 Probiensatis
756 2634 828 2707 mei
855 2629 901 2708 de
927 2631 1240 2709 transformatione
1257 2653 1448 2706 curvarum
1471 2629 1641 2706 eumdem
1661 2651 1761 2728 para-

379 2737 580 2850 logiiinum
606 2745 807 2834 commisit,
829 2771 939 2847 quem
955 2745 1034 2824 Mo
1049 2771 1099 2824 ru
1111 2773 1134 2822 n
1148 2740 1243 2822 raus
1266 2747 1304 2822 ὰ
1323 2743 1390 2823 Cn
1405 2771 1450 2822 nr
1467 2769 1493 2820 o
1508 2771 1521 2821 1
1536 2767 1614 2839 us,
1636 2765 1761 2844 quem·

382 2873 455 2956 que
489 2857 551 2934 iiio
578 2881 697 2957 nuper
726 2863 873 2962 publice
916 2866 1066 2962 agnovit
1101 2865 1141 2938 in
1188 2853 1499 2964 Traafiaisious'bus
1527 2855 1757 2963 Angiicani,

379 2966 456 3076 (2)
495 2975 558 3050 ubi
587 2971 695 3052 simol
727 2983 911 3055 revocavit
944 2977 1045 3080 quod
1075 2971 1202 3055 contra
1228 2977 1446 3057 soiutionem
1482 2999 1600 3056 meam
1634 2979 1762 3073 genui-

378 3111 464 3163 nam
505 3112 571 3186 per
606 3106 749 3170 motum
778 3097 981 3192 reptosium
1016 3098 1238 3186 inventam,
1270 3119 1381 3194 quam
1412 3095 1662 3171 mechanicam
1690 3088 1767 3194 effe.

376 3203 663 3302 praedicaverat,
694 3207 864 3308 protrusit
886 3212 924 3284 in
953 3209 1085 3287 iucem.
1147 3208 1204 3287 Ad
1234 3209 1332 3286 hanc
1369 3195 1615 3309 palinodiam,
1647 3229 1758 3307 quam

380 3319 450 3398 ursi
475 3378 487 3409 ‚
515 3317 591 3397 fine
615 3321 746 3404 dubio·
765 3346 857 3423 aegre
895 3325 1081 3402 descendit
1100 3384 1108 3401 .
1130 3377 1226 3402 m,
1244 3383 1278 3402 .,
1299 3341 1474 3425 oportet
1509 3341 1550 3405 ut
1568 3351 1571 3358 ’
1587 3335 1757 3424 praterea

382 3435 597 3516 confiteatur
626 3438 662 3513 se
707 3441 818 3538 igitur
847 3439 921 3517 hoc
961 3439 1155 3518 Probiema
1191 3442 1237 3518 de
1275 3437 1571 3519 transformandis
1609 3443 1759 3526 curvis,

383 3553 486 3658 quod
515 3568 556 3632 ut
577 3553 660 3629 seve
691 3557 780 3658 quid
805 3557 1042 3644 traducebat,
1069 3581 1144 3634 non
1176 3557 1338 3644 soivisse,
1367 3581 1436 3634 uec
1456 3559 1662 3634 ‘hodienum
1689 3552 1758 3628 sol·

381 3696 465 3748 vere
486 3663 639 3770 potuisse
641 3723 767 3749 .....
786 3659 795 3749 ’.
819 3733 827 3776 e
847 3727 855 3745 .
876 3732 883 3748 .
904 3733 911 3747 .
936 3687 978 3747 ut
1005 3674 1227 3772 inposterum
1249 3671 1360 3750 discat
1384 3675 1556 3752 cohibere
1580 3667 1758 3765 judicium

381 3791 427 3867 de
449 3791 554 3866 rebus
576 3788 742 3864 nondum
771 3783 855 3869 satis.
878 3803 1012 3865 attente
1033 3791 1254 3867 examinatis.

466 3899 601 4004 Accepi
628 3927 747 4003 nuper
775 3906 908 3981 litteras
931 3930 950 3980 a
985 3903 1113 3980 Nobis.
1149 3901 1387 3984 Bauanro
1418 3929 1465 3984 ex
1487 3905 1638 4004 anglia,
1669 3899 1754 3999 qvi,

380 4019 499 4100 siudio
534 4021 781 4119 Theologico
805 4023 953 4108 restae,
983 4017 1185 4120 juridicum
1211 4023 1399 4120 amplexus
1426 4023 1509 4100 est:
1537 4017 1670 4099 scribit.
1699 4009 1754 4096 Ci-

384 4119 689 4213 Marianon
721 4139 766 4213 ad
816 4137 959 4237 prelum
999 4159 1120 4234 parare
1155 4137 1285 4215 librum
1320 4141 1479 4240 aliquem
1509 4137 1554 4214 de
1589 4137 1672 4217 Alea
1695 4130 1758 4244 (3)
1863 4133 1866 4138 ’

384 4243 478 4357 (sur
511 4249 544 4328 Ie
571 4241 748 4354 uarard)
768 4257 831 4352 qui
853 4254 979 4329 mairo
1007 4252 1113 4327 latius
1141 4253 1176 4328 se
1201 4253 1245 4328 fit
1276 4256 1510 4342 extensurus,
1533 4256 1759 4354 quamlibet

384 4368 446 4444 ilie
486 4365 672 4458 Cassiam,
702 4369 860 4446 {tutiore
898 4367 1281 4460 Mouauoarro,
1316 4376 1380 4476 qni
1411 4389 1495 4450 ante
1525 4373 1670 4470 atiquot
1698 4367 1773 4472 ang

507 4477 607 4558 Tam.
632 4483 710 4560 IL·
840 4530 846 4541 ·
1172 4484 1243 4564 L]
1691 4509 1759 4564 taos

386 4689 446 4781 PT
476 4591 538 4688 (1)
564 4597 605 4668 In
628 4595 803 4693 Appmdice
826 4606 845 4670 Ι
856 4605 882 4672 l.
910 4597 951 4670 ad
972 4595 1203 4690 quadrimatum
1227 4597 1340 4673 caract
1369 4593 1414 4684 ὅ
1439 4595 1609 4694 hyperbole«
1633 4598 1758 4682 ,editam

411 4716 467 4762 aa.
490 4711 585 4782 1710
637 4698 660 4764 ·.

393 4823 398 4842 ¹
482 4785 540 4880 (a)
589 4710 638 4891 fi
658 4807 743 4889 323.
769 4793 848 4866 uid.
876 4789 1067 4891 etianjoa.
1089 4791 1390 4868 'Baianum
1425 4803 1499 4888 opp.
1521 4791 1621 4868 Toni.
1646 4813 1674 4864 1.
1692 4795 1753 4867 N‘.

381 4885 728 4983 Lxxx11.p.452.
1111 4909 1116 4917 ⁴

479 4985 540 5076 (3)
566 4983 753 5063 Constituit
773 4987 915 5064 eximius
940 4991 995 5063 ille
1019 4987 1150 5062 libellus
1174 4991 1271 5064 Num,
1298 5005 1379 5078 329.
1405 4989 1574 5086 integrum
1606 4983 1754 5074 Trmfiae-

379 5089 498 5158 sinon
511 5080 680 5184 Philosoph,
