5459 6684
279 837 285 844 ·
423 783 854 878 taraurr‘rr'tr'
909 772 1697 871 sanmoutrrr‚ci1sr.cxitV.
1736 801 1785 880 63

367 957 450 1016 runs
483 957 561 1010 non
589 927 674 1006 ellel
698 915 726 1003 si
751 929 925 1004 vitruma
951 925 1109 1022 fuligine
1141 923 1398 1000 turbulentum
1430 926 1527 1002 lucis
1551 933 1780 1008 vivacitatem
1803 927 1906 1027 1701.

367 1043 565 1132 imminuit.
631 1043 750 1140 Quod
786 1057 909 1122 autem
940 1042 1095 1129 scribas,
1129 1039 1154 1116 sr
1189 1040 1373 1118 tantillum
1404 1055 1595 1118 moveatur
1625 1047 1776 1136 lucere,
1798 1010 1938 1086 Οᾶοδῐ·

368 1170 433 1249 ntsr
457 1171 523 1248 lux
551 1189 634 1242 non
668 1162 712 1238 lit
745 1159 946 1239 admodum
975 1155 1119 1251 vivida3
1148 1157 1327 1236 indicium
1355 1160 1482 1257 utique
1516 1159 1566 1234 est
1591 1162 1631 1235 in
1666 1167 1772 1242 itine-

365 1313 410 1366 re
446 1287 540 1363 nihil
575 1286 663 1358 atris
687 1278 725 1355 i'n
757 1280 916 1378 phialam
947 1273 1114 1378 irrepsi-sse
1129 1300 1141 1370 ;
1169 1276 1253 1352 allas
1283 1271 1462 1361 enirn‚si
1499 1273 1561 1350 ves
1586 1281 1770 1359 tantillum

368 1401 563 1504 irrepsrllet
605 1399 666 1475 lux
701 1393 759 1472 res
784 1398 946 1474 omnino·
973 1393 1141 1474 suffocate
1171 1392 1294 1480 soret,
1319 1393 1383 1468 vel·
1405 1387 1548 1468 nonnisi
1577 1392 1772 1474 vehemen.

369 1520 513 1598 tilbmis
534 1516 786 1614 agitationibus
808 1527 1021 1616 appareret,
1039 1513 1077 1588 δι
1099 1508 1252 1611 quidem
1278 1509 1505 1596 scintillatim
1528 1523 1692 1600 tantum,
1710 1536 1772 1590 ve·

370 1639 432 1715 lut
456 1661 504 1713 ex
530 1633 624 1710 filice
659 1629 833 1726 excussu
861 1633 948 1710 loco
988 1628 1091 1730 quod
1129 1613 1303 1726 siphara
1324 1628 1370 1702 ab
1397 1636 1484 1702 aire
1508 1625 1600 1703 bene
1625 1643 1772 1708 vacuata

256 1771 261 1780 ·
371 1757 443 1840 est,
464 1755 556 1839 lux,
587 1773 666 1850 qnae
688 1749 985 1850 apparetsacile,
1014 1745 1121 1824 etiarn
1149 1747 1323 1822 continua
1353 1743 1423 1831 eli,
1450 1744 1557 1819 instar
1588 1744 1770 1838 flammae,

368 1871 411 1946 ἀ
441 1861 557 1970 repl'et
588 1885 713 1943 totaru-
742 1871 826 1943 ritri
850 1869 1051 1952 cavitatem,
1072 1861 1136 1940 ten
1161 1861 1274 1939 velim·
1295 1875 1338 1937 ut
1367 1863 1476 1936 etiam
1516 1860 1602 1938 scias
1631 1865 1670 1940 in
1698 1879 1780 1942 tam·

364 1989 486 2089 parvis
513 1979 697 2072 vasculis„
724 1984 831 2086 quale
856 1977 944 2062 Tibi
971 2005 1092 2060 unum
1111 1978 1216 2068 misr,
1247 1980 1373 2055 lucem·
1398 1991 1477 2054 tam·
1507 1979 1670 2056 vividam·
1687 2005 1773 2059 non

366 2103 439 2180 esse
466 2109 578 2205 quarti
605 2105 651 2178 in.
666 2103 885 2198 nrajoribus3
922 2102 1011 2204 quid
1033 2101 1133 2176 enim
1156 2114 1231 2174 tam
1262 2098 1393 2195 exigua
1418 2097 1528 2195 copia·
1551 2102 1695 2194 argenti
1721 2103 1775 2176 vi-

367 2220 450 2298 vidi
477 2215 626 2297 efficere·
645 2218 796 2318 posset?
824 2221 921 2296 Sunt
934 2219 1026 2295 milri
1049 2217 1126 2294 vasa
1148 2213 1340 2315 grandiora
1370 2235 1531 2314 quorum
1558 2211 1651 2292 sucis
1673 2216 1783 2294 savo--

371 2333 471 2412 rein
499 2338 661 2413 tenebris
678 2337 874 2413 commode
903 2338 1046 2435 digitos
1071 2333 1268 2410 &litteras
1297 2330 1515 2429 majusculas
1550 2331 1774 2430 distinguere

374 2446 523 2552 possim.
561 2451 762 2536 Caeterum,
794 2453 894 2550 quod
927 2454 965 2526 lri
999 2455 1070 2526 mei
1102 2449 1307 2549 Phosphori
1337 2451 1493 2546 longum
1515 2449 1583 2526 itct
1614 2450 1772 2547 perferre

376 2565 552 2667 possunt,
573 2564 652 2640 hoc
670 2587 789 2640 meam
813 2565 920 2663 hujus
944 2567 1037 2641 l'uci's
1067 2565 1310 2660 generationis
1340 2566 1630 2663 explicationem.
1648 2563 1773 2642 mirili-

253 2769 257 2774 ,
376 2707 422 2759 ce
449 2680 664 2773 confirmat3
697 2678 722 2756 fi
753 2686 850 2770 enim
890 2683 946 2758 illa
982 2685 1194 2782 proveniret
1219 2707 1244 2760 a
1279 2680 1523 2780 peculiaribus
1555 2681 1770 2780 quibusdam

374 2800 564 2902 particulis
592 2801 739 2896 ignitis,
767 2801 804 2874 in
841 2803 1023 2877 mercurio
1049 2823 1134 2876 uno
1158 2802 1281 2898 potius
1316 2822 1428 2900 quam
1457 2801 1497 2874 in·
1523 2797 1595 2875 allo
1619 2803 1769 2876 natanti·

372 2919 468 3001 bus,
493 2929 537 2989 ut
566 2914 697 2988 volunt
718 2917 887 2990 nonnulli
919 2907 1153 3022 Partyr'ensem
1201 2913 1265 3016 qui
1293 2914 1525 3011 brutana,
1560 2941 1580 2992 a
1609 2917 1776 2995 violenta

368 3033 518 3108 itineris¹
534 3031 751 3124 jaslatione,
771 3055 847 3106 non
874 3033 992 3108 statim
1020 3031 1232 3131 dissipeumr
1245 3057 1257 3125 3
1281 3029 1465 3131 siquidem.
1488 3055 1555 3132 per
1575 3055 1690 3131 poros
1714 3038 1771 3112 vi··

368 3151 414 3225 tri
439 3145 588 3222 Facilius·
609 3145 702 3221 elabi
728 3145 893 3242 pnlsent,
924 3171 1044 3249 quami
1060 3171 1112 3226 ex.
1133 3150 1234 3256 poris
1254 3151 1458 3236 mercurii,
1481 3162 1629 3248 utpote
1648 3151 1770 3252 longe·

368 3263 673 3362 angustioribus:
701 3263 793 3350 adeo
830 3268 956 3368 utvel
990 3266 1080 3346 hinc
1114 3279 1253 3368 pateat,
1292 3265 1420 3348 lucem⁴
1444 3268 1522 3343 mei·
1557 3267 1768 3370 phosphori:

369 3379 581 3480 dependere
602 3405 677 3459 non
700 3407 720 3458 a
742 3387 928 3484 particulis
948 3384 1163 3488 quibusdam
1190 3385 1508 3486 permanentibus,
1538 3383 1601 3462 sed
1614 3387 1660 3462 ab
1679 3390 1762 3464 uni·

365 3499 505 3576 versali·
523 3500 682 3598 quadam
715 3507 885 3593 materia,
910 3529 976 3606 per
1004 3527 1118 3604 poros
1153 3505 1351 3605 mercurii,
1386 3521 1559 3606 tunquam
1593 3525 1660 3602 per
1691 3505 1767 3582 cri-

366 3615 509 3704 lirum,
535 3621 717 3696 continuo
742 3617 893 3700 fluentis.
919 3621 1027 3733 Hisce
1056 3622 1140 3704 vale
1160 3623 1198 3700 tr
1221 3620 1320 3700 fave.-
1403 3643 1407 3646 ’

462 3811 654 3906 cmgae
683 3813 729 3896 θ’.
765 3811 858 3898 absis
887 3788 996 3917 tros-.-

1058 3999 1305 4109 snrplltudinl
1327 3993 1419 4081 Tuae
1442 3991 1694 4082 [serotiffiuru
1742 3991 1746 4000 ’

1209 4243 1213 4250 ,
1269 4193 1583 4281 tanseunti

439 4385 476 4475 P]
508 4391 544 4474 S.
567 4387 655 4478 Viti
686 4395 723 4477 in
752 4390 965 4504 Di'plomate
1003 4419 1089 4482 meo
1112 4403 1341 4512 mentionem
1365 4391 1451 4482 fieri
1467 4388 1760 4510 privilegiorum.

374 4517 420 4592 sc·
443 4521 763 4616 praerogntivarum-
787 4513 902 4600 Sociis
930 4515 1119 4602 Societati's
1145 4511 1451 4628 B'randeburgicae
1483 4512 1754 4607 concessarum

371 4647 519 4731 gratum
560 4634 643 4712 esset
671 4633 875 4738 intelligere
916 4627 1013 4740 qui'd'
1033 4639 1101 4716 fint
1138 4642 1352 4742 &inquo
1383 4627 1608 4720 consrllantz'
1630 4629 1753 4718 Item,

371 4751 490 4850 qualia
523 4753 651 4830 habeat
678 4753 824 4832 societas
851 4757 976 4834 statuta
1010 4753 1046 4833 sc
1075 4751 1201 4854 leges,
1226 4769 1392 4862 optarem
1422 4763 1533 4840 etiam
1547 4743 1753 4834 El‘enchum

369 4871 541 4951 numurus
555 4865 752 4953 Sociorum
783 4873 960 4956 nicenus
988 4874 1200 4956 elesiorunu
1599 4972 1752 5064 Em
