5459 6684
442 840 1287 922 trramrrrrrrnrrtrtoorrrn
1304 835 1468 907 ιιι-,ιιι
1485 833 1691 909 cumn
1720 849 1790 921 αις

404 969 598 1063 Porroli,
629 971 754 1050 omilla
784 972 999 1057 tenacitate,
1031 968 1145 1048 solam
1175 965 1378 1046 consideres
1422 972 1460 1042 io
1488 967 1613 1042 medio
1638 963 1790 1042 refisten
1814 959 1917 1032 1711·

299 1094 308 1107 ”
402 1097 494 1170 tiam
524 1113 605 1193 que
631 1093 746 1168 oritur
770 1109 817 1164 ex
843 1087 968 1174 mole,
998 1086 1108 1176 dum,
1138 1087 1237 1162 verbi
1263 1085 1409 1183 gratia,
1443 1081 1610 1182 globus
1600 1107 1654 1158 m
1673 1045 1850 1159 'lluidoFe
1806 1040 1906 1116 wb'

398 1223 534 1287 motus
558 1219 698 1307 partem
725 1203 830 1282 fluidi
861 1205 949 1281 loco
982 1203 1118 1302 pellere
1144 1205 1314 1299 cogitur3
1340 1200 1472 1277 itidem
1504 1199 1673 1286 constat,
1707 1199 1793 1274 licet

407 1349 458 1401 ex
485 1326 558 1401 alio
588 1325 801 1422 principio,
835 1320 1095 1398 diminutiones
1113 1321 1335 1396 celeritatem
1360 1317 1560 1418 equalibus
1581 1328 1792 1413 temporum

401 1442 606 1518 elementis
635 1437 702 1516 effe
727 1435 972 1514 celeritatibus·
996 1429 1299 1536 proportionales.
1335 1433 1434 1511 Hinc
1461 1458 1545 1511 cum
1567 1431 1699 1531 globus
1719 1445 1794 1506 tor-

405 1568 545 1634 mento
568 1555 708 1632 corillus
737 1550 867 1632 transit
895 1577 961 1653 per
987 1561 1135 1641 aerem-5
1161 1555 1279 1652 reperi
1306 1551 1396 1628 olim
1408 1602 1422 1638 ,·
1447 1551 1694 1650 quodcunque
1732 1547 1793 1624 ad-

403 1673 532 1750 hibeas
557 1695 672 1770 genus
697 1668 916 1758 sententiae,
944 1668 1015 1745 five
1046 1694 1070 1746 a
1092 1669 1191 1746 mole
1217 1671 1326 1754 aeris,
1357 1666 1429 1744 five
1446 1669 1490 1743 ab
1510 1664 1691 1766 asperitate
1711 1664 1792 1762 glo·

404 1790 444 1864 bi
484 1791 522 1864 dr
551 1791 639 1864 aeris
671 1787 860 1862 tenacitate
880 1837 899 1877 ,-
924 1785 1065 1883 semper
1095 1799 1215 1862 tamen
1243 1786 1540 1861 imminutionem
1566 1781 1793 1870 celeritatis,

403 1928 520 2004 quarn
542 1906 678 2003 quovis
696 1915 889 1980 momento
919 1903 1026 1978 sentit
1051 1898 1186 2000 globus
1199 1957 1218 1990 ,.
1240 1899 1307 1976 elle
1326 1899 1643 2002 proportionalem
1670 1885 1794 1972 celeri·

406 2023 474 2094 tati
506 2023 580 2117 ejus
609 2017 765 2094 residuae
828 2017 904 2094 Sed
932 2019 1014 2094 hec
1040 2043 1059 2091 a
1088 2016 1142 2093 Te
1183 2019 1323 2116 optime
1362 2018 1552 2114 dijudicari
1584 2027 1793 2112 poterunt,

411 2137 480 2234 qui·
498 2139 609 2212 etiarn
627 2133 815 2220 docebis,
847 2146 1023 2233 quatenos
1051 2131 1168 2218 Tuis,
1191 2126 1498 2238 Newtoaianisoe
1527 2131 1761 2210 consentiant.

499 2249 594 2326 Mihi
624 2272 773 2351 quoque
800 2248 992 2324 strumen
1021 2247 1269 2324 Nrwrour
1292 2247 1558 2347 Experimentis
1598 2252 1698 2324 circa-¹
1731 2271 1802 2324 co-a

407 2367 536 2452 lores
562 2370 697 2465 quippe
715 2387 780 2464 per
793 2377 855 2440 tot
877 2387 992 2440 annos
1010 2364 1137 2440 crebro
1153 2366 1336 2458 repetitis,
1357 2367 1471 2462 magis
1491 2351 1570 2450 elle,
1584 2361 1794 2460 fidendum3

413 2480 480 2557 etfi
511 2478 579 2558 La
612 2479 797 2556 Hruros
823 2478 1105 2554 Μιιιιοττο
1128 2467 1256 2580 [Viro
1280 2479 1452 2579 equidem
1478 2502 1561 2554 non
1593 2480 1804 2578 spernendae

409 2587 646 2696 diligentiae]
660 2590 914 2674 testimonium
933 2595 1136 2694 perhibeat.

497 2708 619 2788 uacua
642 2712 804 2788 alienatae
834 2712 1132 2798 Srrnonro,
1165 2731 1295 2787 nervos
1324 2730 1432 2810 agere
1453 2737 1518 2814 per
1545 2703 1809 2824 crispationem

409 2829 630 2928 quamdame
660 2821 728 2904 sed
750 2829 813 2902 illa
832 2827 906 2927 ipsa
922 2827 1112 2926 crispano
1114 2830 1170 2901 ni
1197 2829 1324 2915 fallor,
1352 2827 1420 2903 nisi
1439 2853 1504 2928 per
1522 2827 1681 2904 fluidum
1701 2849 1810 2904 com--

405 2964 534 3019 means
564 2944 743 3042 explicari
772 2965 850 3055 non
879 2943 1020 3042 potest,
1053 2946 1107 3018 uti
1135 2943 1238 3020 funes
1272 2952 1391 3043 aqua,
1424 2947 1538 3072 crines
1565 2943 1685 3022 calore
1713 2965 1810 3020 con-⁴

404 3059 616 3138 trahuntur:⁸

476 3175 625 3253 Videbo
651 3192 694 3253 an
720 3161 760 3254 di
784 3169 873 3282 quid
896 3179 941 3256 ad
970 3161 1148 3281 replicans
1169 3190 1290 3258 meam
1309 3164 1558 3286 duplicaturus
1588 3163 1630 3256 lit
1653 3179 1800 3260 Seru

399 3313 540 3385 rrus3
574 3293 610 3367 ἃ
636 3293 759 3382 fanos
798 3313 844 3372 ut
871 3297 997 3372 euntia
1024 3295 1111 3372 Tibi
1139 3301 1492 3384 communicentur,
1524 3297 1592 3372 ubi
1622 3295 1806 3399 descripta·

339 3410 344 3420 '
397 3410 562 3486 fuerint
616 3404 716 3486 Sed
706 3414 858 3487 interim
881 3411 1069 3513 defidero
1086 3426 1129 3490 ut
1159 3439 1239 3513 quae
1269 3413 1416 3496 eiusad
1449 3437 1515 3490 vos
1543 3413 1637 3488 torte
1669 3423 1801 3512 petve-

399 3548 530 3612 nere,
548 3525 721 3625 inspicere
746 3527 872 3626 pollis,
902 3529 1067 3625 inprimis
1090 3530 1219 3624 julium
1240 3529 1346 3628 Opus
1362 3516 1673 3627 Phyliologrcum
1702 3528 1804 3606 Nam

405 3659 536 3720 catera
569 3642 644 3718 fere
681 3642 997 3720 Differtationibus
1021 3641 1282 3731 Academicis,
1316 3667 1457 3742 magno
1492 3665 1646 3721 numero
1679 3641 1723 3720 ab
1754 3669 1799 3724 eo

355 3753 535 3848 editis,
566 3764 815 3838 continentur.
858 3757 997 3836 Modus
1022 3764 1098 3856 ejus
1128 3742 1304 3838 scribendi
1327 3745 1377 3836 est
1407 3755 1518 3860 paulo
1549 3759 1774 3860 perplexior

497 3874 577 3954 Diu
607 3877 789 3976 estquod
823 3875 915 3954 nihil
951 3900 970 3952 a
1004 3873 1097 3953 Dno
1123 3874 1421 3954 Hrannuuo
1459 3877 1584 3952 nostro
1612 3877 1802 3955 intellexi:¹

413 3991 533 4092 Spero
564 4007 683 4069 tamen
712 3993 829 4072 valera
858 4015 942 4069 eum
969 3994 1007 4066 &
1035 3996 1188 4090 vigere,
1222 3995 1259 4068 &
1294 3993 1338 4068 ad
1367 3975 1423 4068 Te
1454 3975 1604 4071 subinde
1642 3997 1806 4072 crebrius·

414 4108 565 4184 scribere
591 4133 704 4208 quana
739 4110 782 4184 ad
819 4135 877 4186 ore
901 4109 1145 4186 remotiorem.
1180 4106 1374 4210 Scripserat
1396 4111 1486 4185 mihi
1514 4100 1604 4188 olim
1630 4109 1676 4188 de
1698 4105 1786 4187 F
1732 4111 1804 4188 urv

415 4219 546 4297 dorum
569 4237 668 4298 motu
704 4225 839 4325 aliquid
868 4227 903 4301 se
939 4225 1106 4302 meditari
1131 4229 1223 4322 (r),-
1253 4251 1331 4326 quae
1356 4231 1502 4304 materia
1538 4227 1616 4306 satis
1645 4231 1695 4306 est
1731 4230 1801 4307 ele

415 4363 532 4437 ganta
529 4340 783 4419 Catenariam
812 4347 992 4442 quoque,
1028 4343 1223 4432 velariana,
1256 4347 1292 4420 dc
1321 4343 1445 4420 similia
1479 4339 1623 4438 etiam,
1661 4349 1725 4422 ubi
1755 4347 1803 4424 ad

416 4455 645 4534 differentias
664 4457 945 4536 differentiarum
974 4459 1264 4539 descendendum
1300 4462 1391 4556 est,
1429 4461 1521 4537 velle
1556 4461 1591 4539 se
1632 4463 1798 4540 demons-

413 4585 508 4652 trare
543 4575 590 4650 ad
618 4572 795 4652 Veterum
831 4589 1002 4669 morem3
1028 4581 1110 4678 quia
1140 4581 1169 4654 is
1210 4579 1344 4657 modus
1391 4577 1567 4656 scribendi
1585 4593 1588 4600 ⁴
1609 4575 1805 4657 abitalia·

412 4694 529 4790 magis
554 4691 777 4790 intelligitur.
821 4691 907 4769 Hoc
930 4691 1118 4774 consilium
1147 4698 1299 4771 nonest
1324 4694 1562 4796 spernendum
1576 4721 1588 4791 ;
1613 4694 1674 4774 etsi
1698 4705 1797 4783 enim

411 4809 518 4885 nobis
538 4809 578 4884 id
605 4801 711 4908 agere
733 4832 810 4886 non
835 4823 957 4897 vacet,
980 4810 1218 4889 lubentissime
1243 4824 1362 4889 tamen
1391 4813 1479 4892 alios
1506 4799 1605 4892 liunc
1632 4813 1799 4893 laborem·

1208 4927 1285 5009 le
1330 4955 1351 5030 3
1729 4933 1798 5037 libi

509 5077 571 5172 (ι)
604 5079 672 5157 rar.
704 5080 799 5174 epifi.
829 5077 1083 5159 ccxxiii·
