5459 6684
997 835 1071 908 230
1129 817 1657 906 confutantum
1706 819 2283 898 aristonicum.
2374 913 2383 922 Ι

823 997 928 1068 ῐτιο.
1000 965 1063 1043 has
1094 967 1305 1054 conversas,
1333 967 1418 1042 licet
1439 964 1566 1040 harum
1593 965 1800 1046 veritatem,
1826 959 1993 1057 fingulari
2020 952 2184 1063 ‘quodam
2212 966 2383 1058 calculo,

819 1073 954 1168 August·
1001 1087 1065 1182 qui
1089 1085 1171 1160 alias
1203 1083 1247 1160 ad
1272 1081 1486 1156 differentias
1514 1079 1682 1156 secundas
1713 1077 1861 1152 deducit
1886 1077 1983 1152 haud
2009 1081 2113 1158 facile
2141 1083 2377 1182 separabiles,

1003 1215 1227 1298 compertam
1250 1199 1409 1274 babeam.
1444 1193 1706 1280 ¹Conclusrones
1735 1196 1845 1290 igitur
1881 1193 2040 1272 nonoris
2061 1199 2195 1274 vitiosae
2213 1201 2379 1279 suntsor-

1002 1317 1165 1402 maliter,
1196 1316 1356 1414 quamvis
1384 1335 1475 1388 serae
1500 1309 1750 1386 materialiter:
1778 1308 2018 1388 demonstrare
2049 1317 2148 1390 enim
2181 1321 2281 1412 prius
2317 1319 2376 1395 de-

1001 1431 1128 1508 buisset
1151 1430 1283 1530 [quod
1309 1442 1430 1505 autern
1459 1451 1535 1504 non
1559 1427 1671 1521 fecit]
1696 1427 1846 1501 unicum
1872 1439 2010 1504 tanturn
2043 1452 2160 1527 genus
2190 1455 2374 1510 curvarum

1001 1547 1100 1647 polle
1128 1547 1217 1622 datae
1242 1545 1317 1642 legi
1342 1547 1393 1620 vis
1425 1547 1631 1643 centripeta
1649 1541 1871 1628 satisfacere,
1899 1543 1958 1620 seu
1989 1567 2068 1620 earn
2096 1547 2218 1646 legem
2248 1553 2376 1628 virium

999 1665 1065 1740 soli
1095 1662 1254 1741 Sestioni
1286 1663 1424 1738 conicae
1453 1673 1682 1760 competere,
1713 1659 1857 1734 &nulli
1877 1658 1954 1735 aliae
1981 1683 2107 1740 curva.
2155 1663 2263 1740 Nosti
2282 1669 2379 1742 eninr

1000 1780 1205 1879 hujusmodi
1240 1777 1504 1865 Problemata,
1543 1800 1638 1878 quae¹
1657 1773 1849 1876 pracsertim
1883 1774 2049 1854 definunt
2078 1782 2115 1852 ln
2156 1785 2378 1882 aequationes

1002 1895 1524 1982 differentia-differentiales,
1557 1893 1774 1994 plerumque
1804 1891 1991 1970 admittere
2021 1895 2154 1972 diversa
2189 1920 2377 1974 curvarum
2476 1935 2477 1938 ¹

1002 2039 1160 2115 genera3
1186 2005 1277 2090 imo
1293 2011 1514 2112 quandoque
1541 2025 1666 2087 curvas
1694 2008 2014 2086 transcendentales
2042 2012 2208 2116 quasdam
2237 2017 2276 2090 dc
2297 2016 2379 2089 alias

998 2132 1216 2230 algebraicas
1252 2128 1370 2204 eidem
1406 2115 1626 2202 Proble'mati
1662 2122 1765 2232 posse
1805 2125 2029 2216 satisfacere,
2064 2132 2380 2228 quemadmodum

999 2249 1083 2323 alibi
1116 2245 1263 2324 ostendi.
1313 2241 1420 2334 Quid
1447 2265 1539 2342 opus
1569 2242 1619 2321 est
1643 2241 1791 2323 multis?
1833 2237 2016 2320 Habemus
2036 2242 2245 2342 Exemplum
2270 2245 2375 2342 apud

997 2363 1114 2462 ipsum
1146 2362 1446 2438 anaonum
1475 2379 1556 2458 pag.
1590 2381 1670 2452 47,
1703 2359 1766 2434 ubi
1796 2358 1952 2438 ostendit
1977 2365 2011 2434 in
2046 2360 2164 2457 Spirali
2186 2359 2366 2458 logaritlr·

998 2481 1116 2563 mica,
1147 2490 1313 2553 centrum
1345 2474 1500 2552 habente
1529 2476 1566 2549 in
1591 2489 1718 2550 centro
1750 2476 1905 2563 virium,
1938 2479 2012 2551 sim
2036 2479 2270 2574 centripetam
2302 2469 2375 2554 elle

998 2595 1039 2668 in
1062 2593 1239 2693 triplicata
1267 2593 1408 2674 ratione
1435 2593 1619 2690 reciproca
1646 2589 1920 2671 distantiarum:
1955 2587 2125 2668 Potuilset
2156 2591 2285 2686 enim,
2315 2611 2376 2662 eo-

999 2709 1085 2786 dem
1109 2711 1209 2807 jure,
1238 2733 1284 2786 ear
1310 2732 1351 2784 ea
1370 2707 1594 2798 obcludere
1621 2707 1850 2795 conversam,
1886 2708 2072 2795 dicendo,
2098 2706 2195 2782 unde
2228 2701 2376 2781 ricislim

997 2823 1084 2921 [uti
1106 2826 1194 2911 fecit
1220 2849 1302 2927 pag.
1327 2848 1407 2922 49,
1431 2823 1572 2902 Coroll.
1602 2823 1683 2918 r⁰.]
1709 2821 1733 2898 si
1759 2826 1809 2900 vis
1832 2821 1874 2899 fit
1896 2827 2083 2924 reciproce
2104 2839 2144 2902 ut
2170 2822 2285 2900 cubus
2313 2818 2376 2894 dis-

998 2945 1138 3028 tantiae,
1167 2943 1374 3024 monebitur
1400 2965 1530 3040 corpus
1556 2943 1595 3015 in
1620 2938 1748 3038 Spirali
1777 2940 2033 3040 logarithmica
2053 2955 2217 3018 centrum
2243 2937 2371 3014 haben·

998 3067 1036 3130 te
1064 3059 1103 3130 in
1127 3071 1253 3132 centro
1284 3059 1422 3132 virium.
1464 3057 1635 3143 Interim,
1659 3059 1707 3132 ita
1730 3057 2002 3144 ratiocinand0‚
2028 3056 2161 3134 Auslor
2187 3080 2271 3131 non
2297 3067 2373 3129 tan·

1000 3183 1079 3248 tum
1102 3172 1322 3260 formaliter,
1344 3172 1468 3256 sed&
1500 3171 1728 3248 materialiter
1760 3176 1898 3250 enormi
1929 3173 2044 3249 modo
2069 3170 2272 3272 peccasset:
2298 3193 2369 3244 nam

1000 3302 1127 3387 praeter
1156 3287 1449 3387 logarithmicam
1480 3287 1677 3388 Spiralenr,
1710 3293 1852 3389 reperio
1880 3285 1976 3366 aliud
2009 3312 2123 3388 genus
2157 3311 2367 3370 curvarum,

1001 3406 1063 3482 ubi
1087 3403 1245 3482 similiter
1272 3407 1325 3486 vis
1353 3408 1550 3506 centripeta
1569 3405 1618 3481 est
1643 3407 1832 3505 reciproce
1851 3419 1892 3483 ut
1910 3407 2021 3483 cubus
2053 3406 2226 3482 distantiae
2256 3425 2369 3486 acen-

998 3535 1066 3600 tro.
1108 3521 1191 3612 Sic,
1219 3527 1314 3600 inter
1345 3521 1431 3600 aliae
1458 3521 1753 3623 quam-plurimas
1784 3546 1864 3622 quae
1888 3521 2122 3618 satisfaciunt,
2144 3529 2274 3610 unam,
2302 3539 2367 3618 pra

1004 3641 1138 3716 caeteris
1171 3639 1402 3727 mirabilem,
1429 3641 1577 3716 invenio
1608 3635 1855 3738 Hyperbolum
1884 3639 2081 3738 spitalem,
2114 3642 2214 3736 cujus
2238 3657 2367 3731 nempe

1003 3769 1128 3833 natura
1155 3756 1233 3834 hacc
1256 3756 1336 3846 est,
1368 3773 1410 3835 ut
1439 3755 1541 3832 reciae
1573 3779 1594 3832 a
1624 3767 1753 3832 centro
1780 3756 1825 3831 ad
1856 3777 2001 3834 curvam
2038 3754 2149 3831 dustae
2187 3754 2368 3830 obtineant

1001 3875 1182 3949 rationem
1215 3875 1442 3970 reciprocam
1462 3895 1547 3948 cunr
1569 3869 1708 3968 angulis
1742 3895 1836 3971 quos
1861 3871 1997 3954 faciunt
2028 3895 2110 3950 cum
2143 3871 2233 3948 reela
2256 3867 2376 3966 aliqua

1003 3988 1185 4086 positione
1214 3990 1295 4067 data
1321 4011 1386 4087 pet
1415 4001 1583 4066 centrum
1609 3987 1722 4066 dulia.
1770 3985 1862 4063 ltem
1894 3987 1920 4063 fi
1946 3989 1990 4063 ad
2015 3989 2144 4065 retiam
2166 4045 2176 4076 ,
2204 3999 2366 4083 tanquam

1002 4103 1107 4204 super
1149 4127 1256 4200 axe,
1305 4103 1523 4188 describatur
1570 4127 1675 4181 curva
1717 4103 1917 4202 algebraica
1962 4107 2062 4200 cujus
2107 4103 2185 4180 haec
2219 4101 2364 4201 aquario

1001 4195 1428 4325 sz(r⁹r--2aa):
1454 4212 1613 4325 ts(4o·²
1631 4211 1804 4321 -r²),
1842 4221 1963 4297 sumtis
1997 4219 2129 4296 scilicet
2154 4219 2364 4296 coordinatis

999 4361 1016 4409 s
1046 4341 1210 4414 &rex
1244 4350 1369 4414 centro
1399 4339 1547 4430 virium3
1587 4337 1671 4414 dico
1698 4339 1804 4414 etiam
1835 4337 1928 4413 hanc
1959 4359 2103 4413 curvam
2136 4336 2364 4433 algebraicam

998 4451 1072 4530 hoc
1098 4455 1282 4552 praeliare,
1317 4467 1359 4529 ut
1385 4453 1521 4528 mobile
1547 4455 1585 4528 in
1609 4453 1670 4528 illa
1697 4453 1828 4530 seratur
1853 4453 1986 4528 uiribus
2014 4445 2220 4554 centripetis
2249 4450 2365 4525 dilian-

998 4570 1126 4644 tiarum
1151 4573 1252 4647 cubis
1280 4572 1466 4670 reciproce
1497 4569 1842 4668 proportionalibus.
1907 4566 1960 4644 En
1980 4591 2069 4666 ergo
2093 4571 2165 4664 jam
2197 4583 2268 4643 tres
2297 4586 2365 4640 cur-

996 4705 1057 4758 vas
1095 4682 1405 4762 diversissimorum
1437 4707 1649 4782 generum,
1690 4686 1879 4764 communi
1920 4697 2040 4760 tannen
2074 4685 2140 4762 hac
2183 4681 2364 4762 aH'eslionc

995 4796 1214 4897 gaudentem
1247 4823 1330 4896 quac
1357 4805 1469 4899 igitur
1494 4798 1519 4875 sr
1549 4803 1587 4877 in
1612 4801 1728 4901 aliqua
1753 4823 1857 4876 curva
1882 4805 2099 4900 reperiatur,
2124 4824 2170 4877 ex
2196 4799 2272 4876 hoc
2295 4797 2361 4872 solo

994 4913 1172 5036 noudum
1192 4915 1364 4992 concludi
1389 4915 1507 5017 potest
1540 4919 1639 5002 illam
1672 4940 1818 5002 curvam
1851 4915 1917 4993 esse
1951 4916 2243 5016 logarithmicam
2268 4916 2365 5103 {pira-

1385 5053 1391 5061 '
2287 5051 2365 5113 eur,
