5459 6684
1011 897 1084 962 ιω
1170 865 2289 966 counsnsroussrstorrorru.
2373 821 2377 832 ’

829 1067 935 1138 17¹1.
1011 1025 1203 1128 quisquam
1236 1017 1324 1094 alius
1336 1041 1349 1109 3
1380 1015 1416 1090 dr
1451 1012 1514 1114 qui
1542 1009 1712 1086 noudum
1748 1005 1947 1107 complevit
1982 1023 2117 1081 annum
2171 1011 2394 1109 vigesimum-

833 1147 972 1222 Oetobr.
1010 1144 1197 1242 quintum,
1215 1135 1278 1210 ubi
1308 1131 1355 1210 ad
1385 1131 1619 1206 maturiorem
1656 1137 1798 1202 aetatem
1813 1123 2051 1222 pervenerit,
2081 1121 2202 1201 nullus
2233 1127 2394 1222 dubito,

1006 1261 1097 1358 quin
1125 1244 1420 1330 umanum
1446 1267 1587 1324 nomen
1612 1233 1671 1348 (fi
1697 1239 1785 1342 quid
1819 1231 1943 1336 valet)
1960 1234 2010 1316 lit
2039 1242 2184 1339 egregie
2215 1249 2389 1339 ruiturus,

1006 1378 1113 1474 eique
1142 1379 1379 1466 augmentum
1412 1385 1489 1440 non
1513 1357 1757 1460 spernendum
1786 1357 1981 1434 additurus.
2459 1331 2466 1486 i

1091 1485 1297 1565 Cetuleurn
1321 1475 1581 1567 Berob'nense‚
1612 1475 1718 1574 cuius
1740 1473 1926 1574 specimen
1954 1469 2101 1562 mifilti,
2131 1497 2202 1573 pro
2227 1502 2309 1582 quo
2333 1485 2394 1562 de.

1005 1605 1095 1680 bitae
1116 1601 1266 1680 exsolvo
1284 1599 1440 1697 gratias,
1464 1595 1608 1672 videtur
1635 1589 1963 1690 elegantiffimum:
1994 1611 2038 1666 ao
2074 1613 2158 1668 vero
2189 1597 2391 1698 requisitam

1002 1721 1134 1798 babeat
1159 1715 1428 1798 durabilitatem
1460 1715 1497 1788 in
1523 1709 1692 1812 pronos,
1715 1709 1777 1785 ubi
1807 1730 1892 1786 cum
1915 1707 1994 1788 aliis
2020 1703 2209 1790 coloribus
2247 1723 2389 1814 permit

1001 1852 1133 1927 cetur,
1157 1847 1220 1912 aut
1252 1835 1362 1908 etiam
1392 1833 1430 1907 in
1466 1825 1794 1906 illuminationibus
1823 1826 1964 1924 mappis
1993 1819 2261 1930 Geographic‘n
2285 1835 2384 1936 ᾱφς.

1005 1951 1267 2037 resumendo,
1292 1947 1369 2030 hoc
1392 1960 1536 2047 tempus
1562 1945 1725 2022 docebit
1771 1939 1952 2021 Nonnihil
1982 1942 2059 2037 ejus
2090 1967 2176 2046 aqua
2194 1969 2370 2044 gammae

1007 2071 1191 2158 dilutum,
1229 2068 1266 2144 dr
1290 2065 1422 2142 chartae
1449 2063 1613 2140 cendidae
1651 2059 1785 2138 illitum
1817 2057 1924 2140 radiis
1948 2055 2122 2136 solaribus
2142 2065 2297 2162 exposui,
2320 2075 2371 2145 vi-

1006 2187 1108 2264 surus
1131 2207 1223 2264 num
1250 2181 1409 2285 quidde
1437 2181 1627 2258 vivacitate
1649 2176 1709 2254 sua
1736 2175 1944 2252 tntillumm
1966 2171 2073 2278 elset;
2104 2177 2381 2279 deprehendite.

1007 2327 1092 2380 vera
1115 2300 1382 2403 aliquantulum
1400 2292 1620 2398 expalluisse.
1683 2291 1783 2370 Dedi
1823 2289 2134 2394 quoquealiquid
2168 2297 2294 2376 nostro
2322 2307 2389 2388 cui,-

1007 2422 1094 2497 dam
1128 2419 1284 2520 pistori,
1318 2415 1520 2516 periculum
1548 2416 1624 2509 ejus
1652 2409 1787 2488 satioro
1819 2433 1904 2491 cum
1944 2408 2030 2485 oleo
2046 2424 2067 2504 3·
2081 2411 2240 2492 laudavit
2265 2416 2389 2498 coloris

976 2521 981 2532 ⁴
1011 2537 1255 2636 elegantiam,
1283 2531 1350 2610 scd
1383 2544 1489 2632 putet
1520 2527 1613 2610 nihil
1637 2525 1738 2610 aliud
1766 2523 1835 2604 else
1863 2549 1974 2628 quam
2005 2524 2175 2606 Indicum
2207 2547 2283 2612 aete
2309 2561 2393 2637 qua.

1012 2653 1097 2730 dam
1125 2663 1377 2753 praeparatum.
1424 2643 1616 2724 Promibsti
1655 2643 1748 2720 mibi
1780 2658 1878 2723 tuam
1906 2643 2089 2735 leonem,
2125 2652 2235 2743 suisve
2268 2653 2395 2732 oblitus

1011 2768 1081 2850 elle
1104 2770 1247 2846 'videris
1302 2763 1383 2866 Ego
1414 2787 1500 2842 vero
1531 2785 1667 2862 magno
1710 2775 1838 2838 teneor
1863 2758 2070 2838 defiderio:
2108 2789 2219 2864 quare
2254 2775 2397 2869 permit.

1010 2899 1090 2983 tas,
1124 2901 1166 2964 ut
1193 2883 1282 2964 Tibi
1316 2884 1533 2961 memoriam
1557 2880 1723 2962 refricem
1756 2880 1952 2982 :pretium
1981 2875 2113 2958 Pistori
2150 2881 2286 2964 solvam
2301 2947 2315 2978 .,
2344 2892 2398 2968 vel

1009 3005 1102 3084 solvi
1120 3003 1261 3080 *corabo
1290 2997 1538 3078 lnbenuffine

1097 3117 1251 3196 Gaudeo
1281 3115 1337 3192 Te
1363 3111 1541 3208 revocasse
1554 3137 1593 3190 ea
1609 3135 1687 3214 quae
1704 3118 1742 3190 in
1768 3117 1948 3217 prioribus
1971 3117 2165 3211 festinanter
2194 3121 2383 3222 scripfiili,

1012 3239 1107 3315 circa
1126 3230 1382 3320 resistentiam,
1411 3232 1601 3331 postquam
1629 3233 1761 3310 monui
1786 3256 1825 3310 ea
1852 3255 1929 3310 noo
1947 3221 2119 3312 coherere
2139 3261 2221 3314 cum
2246 3243 2289 3316 iis
2307 3265 2395 3340 quae

1012 3351 1104 3434 olim
1137 3351 1184 3428 ad
1219 3373 1279 3426 me
1312 3348 1514 3426 decadem
1543 3352 1690 3426 materia
1728 3345 1920 3450 scripseras.
1971 3350 2027 3434 lta
2061 3355 2157 3430 euim
2193 3377 2289 3432 nunc
2316 3383 2399 3436 non

1012 3467 1103 3564 fiet,
1133 3480 1176 3548 ut
1205 3467 1309 3570 quod
1329 3467 1521 3566 privatim,
1549 3465 1658 3542 etiam
1676 3468 1823 3566 publice
1847 3464 1933 3542 Tibi
1964 3466 2138 3558 excidat,
2169 3473 2206 3547 in
2243 3476 2401 3552 veritatis
2465 3529 2466 3536 ι

1013 3586 1294 3687 prejudicium,
1333 3585 1371 3658 dr
1399 3587 1437 3660 io
1466 3582 1627 3683 ipsorum
1654 3581 1824 3670 luorum
1854 3583 2065 3684 assertorum
2094 3586 2403 3686 destaudionem;
2465 3571 2466 3626 ³

1015 3702 1109 3780 nihil
1140 3704 1254 3802 magis
1288 3723 1378 3777 cum
1407 3713 1567 3803 quaerant
1601 3697 1815 3792 adversarii,
1849 3725 1958 3800 quam
1996 3714 2038 3780 ut
2064 3705 2104 3780 ,iu
2138 3703 2281 3783 nosmet
2307 3711 2405 3810 ipsos

1014 3832 1157 3901 vertant
1180 3842 1284 3898 ‚uma
1314 3818 1470 3906 nostra,
1501 3815 1615 3896 sicubi
1644 3818 1767 3902 vident
1799 3819 1956 3920 aliquam
1988 3819 2319 3901 contraditionem
2363 3852 2409 3904 ex

1012 3937 1243 4018 festinatione
1266 3924 1503 4018 commissam
1709 3931 1711 3936 ’

1101 4051 1319 4131 Clarillimus
1335 4051 1664 4136 Hsrnsuuus
1681 4051 1803 4132 scribit
1827 4052 1861 4129 se
1882 4049 2019 4154 aliquid
2034 4079 2163 4154 parare
2183 4082 2253 4158 pro
2283 4058 2414 4140 secun.

904 4164 909 4178 '
1017 4174 1068 4250 do
1097 4167 1222 4250 Tomo
1249 4161 1575 4278 Miscellaneurum
1607 4163 1921 4272 Berolivrenlium:
1954 4171 2017 4246 ubi
2042 4172 2180 4252 scivero
2205 4165 2315 4275 hujus
2331 4178 2415 4259 To.

1017 4286 1360 4388 miimpreffionem
1391 4291 1616 4380 imminere,
1648 4289 1787 4390 aliquid
1819 4289 1952 4388 paritet
1986 4287 2023 4364 dt
2059 4312 2131 4388 ego
2164 4290 2414 4392 submittam,

1019 4405 1122 4505 quod
1155 4401 1187 4479 li
1217 4404 1378 4504 dignum
1415 4404 1635 4504 judicabitur
1653 4465 1686 4502 ,,
1708 4405 1813 4490 inseri
1849 4406 1997 4508 poterit.
2058 4403 2208 4486 interim
2241 4407 2341 4492 Vale
2383 4424 2420 4496 aa

1017 4519 1121 4602 Faue.
1596 4529 1601 4538 '

1000 4767 1005 4774 Ι
1115 4657 1241 4748 bosdra
1275 4666 1323 4751 ς’.
1350 4607 1447 4748 8bris
1481 4679 1589 4754 1711.

1513 4784 1789 4906 Amplitudiai
1808 4788 1915 4873 'luae
1953 4787 2233 4878 uevotrffimo

1811 4961 1820 4966 '
1882 4951 1919 5058 J.
1949 4943 2260 5036 Bauuoutnr.

2223 5097 2438 5188 EPIS-
