5459 6684
946 867 1020 951 24⁶
1121 845 2237 938 connuncrurrarrarorrcurr.

768 1038 876 1108 1711,
943 1000 1009 1078 irbi
1045 1005 1183 1082 sumere
1216 1003 1403 1102 patiemur.
1461 993 1655 1095 Sperabam
1697 991 1767 1067 tale
1806 1015 1826 1066 a
1866 988 1929 1068 Lu
1955 987 2143 1094 Hraro,
2175 997 2237 1076 sed
2264 1001 2332 1080 ille
2452 1035 2453 1086 r

763 1120 859 1195 Febr.
944 1119 1044 1219 spem
1071 1143 1193 1194 meam
1226 1117 1406 1204 destituit,
1439 1115 1477 1189 &
1505 1113 1542 1186 in
1558 1105 1683 1209 Opere
1699 1105 1744 1184 de
1763 1105 2099 1213 Epicycloidalibus
2125 1117 2248 1194 resera
2273 1122 2332 1198 in-

945 1235 1183 1314 linitesrmales
1210 1234 1356 1310 adhibet
1380 1237 1475 1313 irater
1502 1225 1845 1314 demonstrandum,
1869 1225 1932 1302 etsi
1968 1227 2044 1307 boc
2064 1230 2267 1314 dissimulet.
2450 1227 2451 1230 ‘

988 1353 1125 1431 'Dnus
1151 1351 1419 1438 Bounuaus
1457 1343 1627 1446 Episcopi
1662 1341 1801 1433 Filius,
1835 1366 1882 1420 ex
1908 1367 1985 1447 quo
2019 1345 2110 1426 binc
2141 1349 2333 1444 mrceffirs

945 1472 1020 1548 huc
1046 1492 1125 1546 non
1153 1465 1320 1567 scripsit,
1362 1461 1549 1545 &litteris
1590 1463 1715 1556 meis,
1746 1461 1877 1560 quibus
1895 1559 1898 1566 Ι
1915 1463 1963 1540 ad
2004 1465 2328 1566 unerrogationem

948 1587 1144 1690 quamdam
1170 1588 1246 1681 ejus
1272 1583 1562 1684 responderam,
1594 1577 1688 1656 nihil
1718 1577 1888 1676 reposuit.
1947 1577 2000 1656 Ut
2028 1583 2122 1660 adeo
2158 1585 2325 1684 ignorem

884 1721 891 1736 ‘
947 1707 1038 1805 quid
1067 1721 1181 1804 agat,
1205 1703 1243 1776 &
1276 1713 1399 1781 utrum
1425 1699 1543 1779 adhuc
1570 1699 1610 1774 in
1638 1687 1803 1782 Batavis
1826 1695 1982 1776 seretur
2001 1739 2026 1788 ,·
2053 1723 2101 1780 au
2128 1699 2176 1780 ad
2197 1696 2324 1808 ,nigla

943 1822 1105 1902 redierit.
1333 1827 1344 1844 ⁰
2444 1892 2450 1913 ,

1003 1937 1111 2016 Dnus
1149 1935 1546 2014 Hraasoenuaus
1583 1930 1804 2029 objesliones
1838 1927 2013 2032 quasdam
2041 1959 2141 2016 meas
2171 1939 2242 2022 suae
2269 1965 2323 2043 ap·
2445 1977 2451 1999 ·

944 2055 1092 2156 pandici
1122 2055 1415 2151 conjeiiurarum
1434 2037 1452 2150 [
1454 2041 1573 2154 suites
1591 2041 1648 2132 des
1674 2036 1886 2153 capesseret
1912 2043 2142 2156 Phpfiques(
2148 2052 2219 2166 1)]
2243 2083 2325 2137 cum

943 2170 1237 2273 responsionibus
1261 2163 1417 2249 inseruit.
1474 2164 1547 2250 ‚Sed
1567 2159 1689 2248 obiter
1710 2178 1852 2248 tantum
1879 2169 2015 2246 minuta
2044 2169 2205 2272 quaedam
2242 2177 2325 2253 teti-

944 2303 1068 2386 geram
1105 2291 1201 2366 circa
1233 2286 1344 2374 salia,
1374 2288 1468 2366 circa
1494 2283 1705 2382 mineralia,
1733 2284 1802 2370 dcc.
1846 2279 1956 2362 Nunc
1978 2309 2058 2363 cum
2087 2309 2190 2362 ame
2209 2289 2320 2366 intei-

944 2403 1104 2492 lex’rliet,
1138 2404 1231 2479 mihi
1250 2417 1394 2480 atomos
1421 2399 1574 2502 persede
1603 2401 1737 2496 duras,
1763 2403 1800 2478 dc
1829 2405 1980 2502 primum
2003 2403 2314 2503 elementumper-

943 2519 1041 2596 fessae
1070 2519 1250 2597 fluiditatis
1276 2543 1355 2597 non
1383 2519 1555 2620 probari,
1581 2517 1748 2617 eupreffit
1779 2541 1882 2594 ame
1907 2519 2061 2593 rationes
2087 2517 2212 2614 judicii
2235 2521 2321 2606 mei,

944 2632 1076 2740 scriplil
1099 2640 1158 2725 ei,
1188 2636 1282 2714 mihi
1312 2641 1493 2714 rationem
1523 2635 1702 2730 duritiei,
1735 2647 1776 2713 ut
1794 2625 1933 2712 'omnia
1971 2655 2181 2734 corporea,
2215 2633 2326 2710 rideri

942 2751 1198 2852 ¹explicandam
1225 2777 1291 2853 per
1316 2755 1457 2834 causam
1483 2747 1732 2836 mechanicam
1763 2771 1896 2851 nempe
1930 2773 1998 2854 per
2018 2765 2161 2828 motum
2186 2751 2326 2851 conspi-

939 2882 1100 2956 rantem,
1124 2872 1188 2970 qui
1212 2893 1279 2968 per
1310 2870 1575 2969 separationem
1605 2871 1801 2955 turbetur,
1827 2891 1936 2970 quam
1965 2871 2076 2944 etiam
2103 2865 2226 2946 Tuam
2262 2867 2322 2944 elis

938 2983 1153 3061 sententiam
1183 2985 1380 3087 aliquando
1417 2984 1582 3061 intellexi
1610 2979 1682 3085 (a).
1729 2983 1793 3062 ille
1824 2987 1863 3067 in
1896 2983 2125 3086 responsione
2162 2983 2272 3085 fingit
2292 2985 2323 3061 se

937 3119 1018 3174 non
1048 3100 1253 3197 intelligere
1286 3103 1377 3201 quid
1411 3103 1563 3178 monstri
1593 3097 1636 3178 srt
1663 3113 1783 3180 motus
1810 3102 2046 3202 conspirans,
2084 3102 2127 3178 &·
2165 3099 2314 3179 dubitare

936 3237 984 3289 an
1010 3237 1087 3290 non
1111 3217 1296 3296 coincidat
1320 3241 1408 3300 cunr
1440 3223 1563 3320 quiete
1590 3208 1816 3324 Cartrfimu.
1881 3217 2091 3307 Dixerarn,
2123 3215 2151 3293 fi
2181 3219 2320 3297 durities

936 3326 980 3405 srt
999 3331 1148 3432 qualitas
1178 3330 1342 3434 quadam
1380 3337 1525 3414 occulta
1563 3340 1775 3436 primitiva,
1811 3359 1889 3416 non
1918 3334 2019 3436 posse
2057 3333 2232 3436 explicari
2263 3331 2319 3408 nisr

937 3471 1005 3549 per
1039 3446 1261 3530 miraculum
1309 3451 1435 3554 Itaque
1464 3451 1600 3540 necelsu
1632 3453 1702 3531 eise
1738 3465 1779 3530 ut
1807 3451 1980 3554 explicari
2011 3451 2116 3554 polsrt
2145 3451 2218 3552 per
2244 3449 2321 3529 Me-

939 3564 1173 3645 chanisnruns.
1223 3567 1290 3646 Ille
1317 3585 1426 3669 negat
1453 3594 1576 3649 meum
1614 3569 1861 3672 principium,
1900 3567 2005 3670 quod
2037 3575 2161 3646 omnia
2192 3593 2320 3666 corpo·

936 3706 997 3760 rea
1022 3683 1235 3778 mechanice
1260 3686 1329 3763 sint
1351 3687 1585 3786 explicanda:
1613 3691 1728 3788 prima
1750 3693 1848 3768 enirn
1879 3687 1938 3764 illa
1964 3687 2123 3788 pendere
2149 3711 2167 3764 u
2190 3685 2316 3763 voiun-

844 3875 847 3880 .
938 3812 1012 3876 tate
1042 3797 1126 3878 Dei.
1175 3801 1287 3897 Quafi
1315 3803 1481 3881 voluntas
1505 3803 1578 3882 Dei
1604 3827 1681 3883 non
1719 3807 1854 3886 nitatur
1888 3805 2086 3884 rationibus
2114 3805 2239 3882 sumtis
2274 3824 2333 3877 ex.

936 3925 1061 3996 naturai
1093 3919 1265 4019 subjeeu,
1298 3934 1360 3996 aut
1395 3919 1491 4020 quast
1517 3917 1619 3999 Deus
1649 3923 1806 4024 aliquam
1836 3923 2013 4000 adsonem
2044 3921 2250 4022 producens
2282 3922 2320 3993 in

934 4037 1175 4134 corporibus,
1211 4061 1287 4115 non
1316 4035 1496 4137 producat
1531 4063 1596 4140 per
1628 4042 1760 4118 nrodos
1796 4055 1932 4126 nature
1959 4063 2086 4116 eorum
2118 4059 2320 4137 congruen-

937 4163 1005 4227 tes.
1040 4150 1108 4228 Sed
1142 4153 1179 4230 dr
1203 4154 1317 4233 multa
1343 4151 1410 4233 alia
1440 4158 1616 4255 promit,
1648 4181 1714 4258 per
1739 4181 1819 4259 quae
1848 4171 1995 4256 apparet
2021 4161 2060 4233 in
2090 4159 2215 4256 primis
2241 4153 2318 4254 phi·

936 4267 1154 4370 Iosophandi
1194 4275 1381 4374 principiis
1419 4271 1517 4358 haud
1546 4296 1673 4376 parum
1710 4275 1759 4353 ,ab
1798 4275 1877 4376 ipsu
1902 4271 2077 4362 aberrari,
2112 4293 2316 4376 quanquam

2282 4385 2316 4463 id

936 4591 944 4606 '
993 4599 1053 4687 (1)
1083 4599 1152 4673 Vid.
1173 4561 1352 4675 iliensoirss
1375 4603 1415 4675 ds
1435 4601 1596 4679 Trevoux
1626 4617 1730 4692 1712.
1761 4607 1856 4685 Mars
1871 4600 1916 4696 fili
1927 4603 2080 4684 Assar&
2100 4593 2245 4702 Journal
2260 4596 2314 4682 dut

939 4699 1013 4768 Suu.
1045 4696 1104 4764 Ed.
1133 4699 1218 4768 Holl.
1245 4709 1321 4774 Dec.
1349 4719 1454 4790 1712.
1477 4698 1522 4785 δέ’
1545 4707 1643 4792 Janv.
1676 4713 1781 4795 1713.
1963 4735 1966 4742 ⁴

996 4783 1056 4879 (s)
1084 4789 1155 4865 ria.
1189 4799 1283 4900 apin.
1314 4807 1382 4878 rr.
1411 4795 1455 4888 id
1483 4800 1569 4880 LVI.
