5459 6684
984 835 1055 920 aas
1195 811 1662 900 counracrurr
1706 807 2170 882 aristonicum.

806 1011 912 1080 5711·
982 965 1115 1040 marica
1141 973 1213 1036 tam
1240 957 1404 1055 praeclarc
1430 953 1564 1029 mer-itis
1588 949 1626 1025 dt
1652 952 1692 1023 in
1713 946 1789 1023 dies
1817 949 2047 1026 merentibus.
2098 951 2209 1047 Quid
2252 959 2363 1036 abiut.

802 1091 899 1166 Febr.
982 1079 1063 1155 dius
1090 1075 1195 1151 fimul
1220 1075 1257 1148 dt
1283 1073 1444 1148 acerbius
1472 1069 1516 1146 ab
1552 1090 1598 1145 eo
1627 1066 1700 1142 dici
1725 1063 1926 1160 potuisset,
1966 1091 2075 1165 quam
2107 1070 2145 1147 N
2152 1093 2362 1154 pwrour

978 1195 1109 1268 librum
1137 1187 1277 1286 [Opus
1301 1207 1398 1266 certe
1424 1183 1534 1284 omni
1555 1183 1659 1261 laude
1685 1179 1822 1278 majus]
1858 1185 2045 1259 continere
2073 1211 2198 1266 meras
2229 1213 2359 1288 nugas,

976 1310 1095 1386 minus
1123 1305 1281 1382 valentes
1316 1327 1425 1406 quarn
1458 1299 1637 1377 Veterum
1667 1297 1856 1399 qualitates
1880 1301 2069 1378 occultas:
2105 1302 2209 1380 Item
2232 1306 2363 1385 duode-
2425 1347 2426 1356 κ

973 1445 1043 1498 nos
1074 1420 1250 1522 q'uosdam
1275 1420 1556 1509 Mathematicus
1587 1415 1653 1512 [in
1686 1416 1817 1518 quibus
1847 1413 1903 1492 Te
1936 1413 2008 1494 srne
2036 1420 2151 1496 dubio
2182 1425 2361 1522 compleo
2425 1445 2426 1450 ‘

972 1539 1089 1634 titur]
1115 1535 1325 1637 congressos
1358 1533 1427 1613 elie
1444 1535 1525 1638 ,·&
1551 1530 1663 1609 inille
1687 1532 1842 1632 speeiem
1858 1534 2055 1633 quamdam
2079 1535 2286 1628 *societatim
2310 1545 2357 1617 uel

973 1660 1190 1734 commercii
1215 1649 1502 1739 Encomiastici‚
1531 1675 1607 1752 quo
1634 1649 1667 1724 se
1704 1648 1869 1726 laudibus
1903 1651 1943 1724 tt
1973 1650 2104 1749 elogiis
2136 1657 2276 1730 mutuis
2304 1681 2352 1732 ru-
2425 1669 2426 1682 ¹

974 1773 1178 1854 malent&
1207 1773 1388 1857 obruant,
1420 1763 1583 1869 aliosque
1612 1767 1879 1866 imperitiores,
1906 1789 1952 1843 ne
1983 1769 2197 1865 ignorantes
2226 1752 2347 1850 videan-

978 1904 1060 1976 tur,
1083 1892 1122 1964 in
1150 1887 1300 1966 similem
1322 1885 1551 1986 Elogiorum·
1564 1884 1783 1962 cantilenam
1809 1883 2042 1982 pertrahant,
2071 1900 2111 1964 ut
2137 1885 2256 1966 Orbis
2285 1916 2337 1967 eru·
2425 1907 2426 1918 ¹

981 2007 1076 2091 ditus
1098 2005 1221 2082 saltem
1242 2019 1348 2106 putet
1381 2028 1444 2082 eos
1469 2026 1617 2106 quoque
1633 2001 1792 2084 initiatos
1814 1996 1881 2077 elle
1904 2001 1946 2075 in
1971 1999 2045 2078 illis
2073 2003 2260 2106 mysteriis.
2425 2007 2426 2100 ss

1069 2237 1185 2331 Quod
1214 2261 1299 2316 vero
1325 2240 1452 2314 attinet
1472 2237 1520 2314 ad
1548 2233 1753 2335 Phosphori
1773 2233 1847 2308 mei
1867 2235 2139 2323 interitionem,
2164 2261 2267 2336 quam
2284 2239 2351 2314 ad·
2425 2235 2426 2280 ³

982 2354 1106 2431 scribit
1133 2353 1403 2445 Faethon,
1432 2356 1538 2430 nimis
1568 2366 1743 2454 quantum
1777 2351 1943 2426 invidiam
1967 2351 2063 2428 suam
2095 2354 2245 2454 prodit,
2287 2353 2352 2430 sed
2425 2391 2426 2436 r

984 2469 1082 2548 Clas.
1115 2468 1452 2559 Herculanus,
1488 2490 1529 2546 ut
1555 2493 1607 2545 err
1632 2469 1709 2546 hoc
1739 2482 1913 2568 excerpto
1937 2467 2098 2568 patebit,
2126 2494 2242 2546 meam
2268 2469 2352 2547 serit

985 2584 1229 2686 Apologiam,
1256 2612 1368 2690 quam
1403 2587 1536 2670 vellem
1560 2589 1598 2661 in
1628 2586 1753 2686 aliquo
1782 2579 1942 2675 Diario,
1976 2586 2098 2662 telin
2128 2578 2224 2666 Attis
2242 2589 2352 2687 publi-

986 2706 1078 2792 cari,
1114 2718 1155 2780 ut
1184 2705 1417 2782 obtrestatori
1450 2729 1491 2780 os
1519 2705 1720 2784 obturetur.
1784 2701 1888 2800 Quid
1925 2707 2024 2780 enim
2050 2703 2146 2780 aliud
2178 2705 2224 2780 eli
2253 2728 2348 2805 quarn

984 2814 1231 2909 obtretlatio,
1264 2822 1474 2898 hominibus
1507 2823 1699 2919 ingerere,
1732 2819 1826 2924 quali
1852 2817 1961 2898 ellem
1989 2821 2208 2919 plagiarius,
2233 2823 2267 2896 aa
2288 2821 2346 2897 ob·

987 2935 1225 3016 servationem
1245 2935 1507 3020 Picus-dianam
1527 2937 1623 3020 mihi
1650 2935 1908 3028 attribuillem,
1928 2936 2115 3036 ,suppresso
2144 2941 2216 3036 ejus
2245 2935 2345 3014 nouri-

986 3074 1055 3142 ne;
1087 3077 1170 3128 cum
1196 3068 1423 3132 tamencum
1459 3055 1585 3132 diserte
1614 3055 1913 3158 nominaverim,
1948 3055 2177 3154 dixerimque
2212 3054 2335 3130 observa-

988 3169 1127 3243 tionem
1159 3165 1423 3249 Picurdianam
1454 3168 1547 3248 mihi
1576 3171 1807 3251 occasionem
1836 3171 2022 3250 dumtaxat
2052 3167 2269 3270 suppeditasse
2296 3167 2330 3244 ad
2425 3171 2426 3186 ,

989 3285 1066 3381 ejus
1089 3283 1361 3377 Phaenonteni,
1391 3287 1547 3370 fortuito
1566 3275 1657 3366 'casu
1694 3289 1823 3368 detetti
1851 3348 1861 3378 ,
1897 3288 2037 3368 caulam
2062 3287 2334 3387 investigando,
2425 3303 2426 3310 ’

991 3405 1115 3484 omnia
1145 3401 1352 3503 Barometra
1382 3407 1505 3508 polica
1542 3405 1722 3488 xlutarinusa
1751 3405 1969 3497 reddenda,
2006 3409 2051 3486 a&
2084 3405 2225 3482 tandem
2250 3399 2337 3480 Phol-

991 3519 1153 3615 phorum
1179 3525 1386 3620 portatilem
1414 3535 1632 3622 perpetuum
1660 3524 1744 3600 inde
1775 3523 2067 3604 conficiendum:
2104 3524 2180 3601 haec
2212 3537 2332 3603 autent,

991 3639 1030 3715 in
1063 3641 1193 3739 quibus
1220 3645 1411 3724 inventum
1436 3664 1560 3722 meum
1590 3637 1775 3718 coralistere
1800 3643 1914 3720 facio.
1937 3701 1971 3718 ..
2050 3702 2058 3719 .
2080 3693 2090 3715 .
2112 3639 2240 3716 ¹slentr’o
2264 3659 2335 3732 pra·
2425 3691 2426 3694 ,

992 3758 1099 3830 teriit
1144 3755 1292 3834 Interim
1316 3756 1402 3834 Tibi
1417 3756 1655 3856 judicandum
1681 3756 1870 3859 relinquo,
1893 3781 2049 3837 arn-non
2075 3755 2204 3834 &Tua
2224 3777 2271 3828 res
2286 3752 2338 3824 hic

992 3872 1172 3960 uersatur,
1205 3873 1293 3950 dum
1321 3873 1535 3951 sententiam
1567 3871 1718 3960 Tuam,
1760 3876 1851 3952 mihi
1873 3873 2206 3974 perhonorificam,
2232 3873 2264 3946 in
2287 3889 2338 3942 nu-

992 3991 1087 4084 peris
1114 3980 1371 4096 Mscellaneir
1397 3983 1678 4092 Berolirrerfibus
1703 3991 1748 4067 de
1780 3993 1854 4084 hoc
1878 3991 2092 4092 Phosphoro
2116 3991 2244 4076 latam,
2266 3986 2341 4062 leve·

996 4129 1055 4182 tus
1076 4107 1195 4183 noster
1219 4109 1435 4194 Aristarchus
1467 4106 1618 4198 euertit,
1651 4109 1692 4188 dt
1718 4111 1766 4190 ita
1788 4108 1874 4188 Tibi
1904 4113 1992 4187 mali
2021 4106 2219 4188 laudatoris
2244 4116 2345 4181 notan

998 4229 1104 4308 tacite
1126 4230 1245 4309 inurit.
1284 4224 1379 4330 ‚troc
1397 4251 1513 4312 unum
1531 4227 1649 4310 adhuc
1673 4223 1790 4315 addo,
1817 4229 1918 4330 quod
1933 4225 2044 4303 simile
2059 4249 2136 4304 non
2160 4229 2274 4322 inepte
2291 4222 2348 4296 huc

996 4345 1171 4444 quadrat,
1198 4363 1329 4438 nempe
1355 4342 1381 4418 fi
1404 4343 1533 4426 'lulnlae
1556 4343 1778 4422 Americanae
1804 4371 1823 4422 a
1845 4344 1878 4424 C
1887 4369 2082 4422 oturnuo
2112 4341 2295 4442 primitus,
2322 4337 2350 4410 dt

998 4463 1149 4560 quidem
1178 4483 1225 4537 ex
1249 4462 1447 4540 deliberato
1484 4459 1637 4540 consilio
1666 4460 1839 4551 detecta,
1874 4477 1959 4539 non¹
1978 4475 2098 4538 tamen
2133 4460 2353 4557 impedierunt
2425 4521 2426 4534 ,

998 4583 1197 4674 quominus
1223 4582 1346 4676 postea
1369 4574 1563 4656 Ameriam
1586 4579 1866 4658 Vrsuurrus
1907 4579 2029 4672 Terrae
2060 4579 2277 4655 continentis
2306 4571 2354 4646 dt·
2425 4635 2426 4646 ,

1003 4695 1219 4780 sarlionem,
1242 4695 1293 4772 lui
1320 4701 1478 4782 nominis
1504 4696 1772 4793 appellatione,
1797 4695 1861 4774 sbi
1882 4695 2079 4774 vindicaret
2103 4721 2114 4788 3
2150 4693 2275 4796 quidni
2297 4709 2355 4763 nrt·
2425 4763 2426 4768 ,

1001 4807 1073 4918 jori
1103 4815 1179 4909 jure
1201 4813 1293 4887 mihi
1324 4814 1473 4892 debetur
1499 4811 1702 4908 Phosphori
1737 4815 1956 4892 mercurialis
1994 4816 2221 4900 inventum,
2254 4829 2357 4909 quarn-

1000 4921 1123 5032 ‚quam'
1145 4955 1191 5007 ex
1214 4929 1360 5012 fortuita
1378 4927 1433 5013 Pr
1448 4953 1594 5006 cruor
1622 4932 1868 5014 observatione
1898 4931 2092 5012 deducam
2115 4927 2130 5003 ‘l
2192 4928 2244 5007 Re
2272 4923 2358 4996 eninr

2229 5059 2354 5136 compr·
