5459 6684
554 727 1747 820 LuIBNITIIETBERNOULLII,Errsr.CIX
1799 749 1848 828 27

448 877 636 960 Prasrdem
681 902 770 958 vero
822 873 1025 954 Academiae
1066 871 1209 952 Dnum
1240 871 1545 954 Brououruu
1591 889 1693 956 tanto
1739 872 1964 976 hujus1701·

448 995 658 1100 Phosphori
674 993 856 1072 desiderio
871 995 1010 1084 teneri,
1037 1007 1101 1079 ut,
1118 989 1143 1068 st
1158 989 1271 1068 Hou
1288 1011 1543 1068 errorores
1563 1016 1639 1068 non
1661 988 1755 1072 bene
1768 994 1843 1076 luc-
1856 958 1990 1052 ΜΨ·

449 1115 585 1193 cessura
617 1112 723 1200 ellat,
756 1134 814 1188 me
833 1125 942 1208 roget
965 1125 1005 1188 nt
1021 1107 1274 1208 Phosphorum
1298 1123 1403 1192 mma
1427 1120 1591 1206 paratum
1619 1132 1684 1206 per
1704 1110 1841 1190 Curso.

448 1257 529 1316 rem
561 1231 753 1332 publicum
778 1227 822 1304 ad
845 1227 1083 1306 Academiam
1116 1229 1257 1306 mittere
1283 1226 1404 1304 velim.
1457 1222 1573 1300 Aside
1597 1221 1747 1302 interim
1777 1252 1841 1306 ex.

449 1349 575 1450 specto
617 1345 912 1426 Honssrmr
950 1339 1144 1426 successum
1172 1399 1183 1432 ,
1213 1357 1421 1446 antequam
1460 1344 1649 1425 inventum
1685 1343 1837 1442 publico

409 1531 414 1536 .
452 1467 733 1551 communicem,
1568 1507 1572 1512 -
1695 1482 1700 1488 ·

511 1581 595 1660 imo
614 1580 774 1658 maxime
792 1582 1005 1669 mercurius,
1033 1577 1231 1656 secundum
1252 1577 1474 1678 superficiei,
1499 1602 1579 1654 non
1602 1577 1710 1656 molis
1726 1598 1838 1676 qnan-

453 1695 745 1789 ritatem,lucet;
771 1701 921 1774 namin
949 1698 1162 1777 Barometrn
1183 1700 1220 1772 in
1249 1695 1453 1772 summitate
1486 1709 1627 1786 tantum
1658 1694 1840 1772 columnae

449 1814 671 1898 mercurialis
704 1814 770 1892 lux
797 1815 1026 1909 observatum
1054 1815 1093 1892 in
1119 1813 1286 1913 lagenula
1304 1836 1394 1896 vero
1416 1814 1529 1889 vitrea
1547 1817 1725 1912 quantitas
1746 1835 1840 1886 mer·

446 1936 540 2011 curii
578 1933 666 2010 licet
696 1934 857 2032 exigua,
891 1946 969 2014 tota
1001 1947 1124 2010 tamen
1159 1935 1274 2031 ignita
1309 1943 1489 2030 apparet3
1524 1932 1701 2033 quoniam
1730 1928 1842 2004 vehe·
1909 1999 1914 2008 ,

316 2067 320 2080 ’
445 2051 564 2134 urenti
595 2051 791 2148 agitatione
820 2053 859 2128 in
889 2053 1009 2154 plures
1041 2049 1236 2128 multarum
1264 2047 1535 2147 superficierum
1562 2061 1680 2146 partes
1709 2044 1843 2144 disper·

444 2171 583 2268 gitur3
615 2169 662 2242 ita
701 2167 949 2268 usquelibet
989 2167 1131 2268 guttula
1166 2169 1270 2252 suum
1304 2167 1486 2266 peculiare
1515 2163 1842 2262 lumen-prebeat,

446 2282 564 2360 Unde
598 2287 706 2360 etiarn
730 2285 824 2362 mihi
851 2289 889 2366 in
920 2301 1084 2366 mentem
1114 2289 1235 2384 venit,
1270 2282 1393 2383 posse,
1422 2296 1550 2390 prater
1577 2275 1845 2366 curiositatem,

363 2413 366 2419 '
449 2400 615 2498 aliquam
642 2400 836 2481 utilitatem
872 2427 919 2486 ex
954 2403 1028 2480 hoc
1059 2404 1210 2478 invento
1241 2403 1356 2499 capi;
1391 2404 1565 2476 nimimm
1601 2399 1788 2496 cogitari,
1823 2390 1851 2468 fi

452 2513 675 2590 haberentur
705 2512 785 2612 dno
809 2516 887 2593 rasa
911 2519 1022 2590 vitrea
1045 2518 1255 2594 wuniformia
1287 2519 1324 2594 aa
1356 2519 1522 2604 robusta,
1553 2538 1671 2614 eaque
1697 2513 1852 2607 conjun.

453 2643 634 2730 gerentur
652 2628 695 2710 ad
717 2631 893 2715 vertices,
925 2631 1046 2708 relitio
1071 2630 1295 2710 foraminuio
1325 2632 1667 2708 communicationis
1692 2651 1739 2704 ex
1771 2649 1849 2704 uno

451 2749 493 2822 in
511 2746 692 2840 altemm,
712 2749 752 2822 in
784 2747 939 2823 modom
965 2747 1155 2844 horologii
1180 2750 1352 2835 arenarii,
1384 2747 1445 2824 sed
1460 2747 1562 2826 loco
1584 2770 1695 2827 areoae
1714 2746 1850 2828 immitss

454 2861 589 2940 tentius
614 2862 709 2941 foret
729 2866 960 2952 memmius,
990 2865 1026 2944 ur
1054 2863 1180 2962 postea
1208 2875 1269 2940 a'er
1298 2887 1344 2942 ex
1371 2863 1457 2940 vasrs
1486 2865 1703 2944 combinatis
1731 2877 1847 2938 extra·

452 2979 621 3072 bendus3
650 2977 750 3074 quod
780 2979 973 3076 quomodo
1009 2979 1207 3056 commode
1231 2979 1306 3059 fieri
1328 2979 1447 3078 poffit·
1460 2979 1757 3086 jamparspicio3
1783 3000 1847 3053 co·

452 3096 566 3194 gnari
610 3099 788 3194 inquam,
825 3096 896 3172 tale
923 3095 1195 3194 horologium,
1230 3101 1341 3182 etiam
1367 3099 1502 3185 notin,
1534 3095 1573 3173 in
1604 3098 1763 3189 tenebris
1791 3099 1848 3171 in,

454 3211 585 3288 servire
613 3210 736 3314 polle3
766 3213 904 3288 etenim
932 3211 1051 3292 radius
1075 3218 1244 3294 mercurii
1270 3223 1340 3315 'per
1370 3213 1754 3294 foramen'delluentis
1789 3211 1847 3290 fo·

458 3341 516 3408 ret
544 3328 705 3414 lucidus,
736 3351 816 3426 quae
850 3329 915 3406 lux
944 3354 1022 3408 non
1049 3349 1130 3409 ante
1162 3329 1330 3423 cessaret,
1357 3333 1466 3438 quam
1499 3337 1619 3411 omnis
1652 3334 1848 3408 mercurius

461 3468 508 3523 ex
536 3445 709 3544 superiori
736 3445 814 3520 uase
837 3449 877 3524 in
898 3448 1045 3528 inferius
1066 3449 1227 3549 delapsus
1249 3449 1342 3530 esset.
1384 3449 1490 3537 Loco
1508 3451 1735 3528 vasculorum
1764 3445 1847 3544 poso'

457 3561 539 3638 sent
563 3561 727 3638 adhiberi
753 3563 829 3638 tubi
848 3563 980 3664 longi,
1007 3579 1051 3649 ut
1073 3570 1121 3647 ita
1145 3591 1193 3644 ex
1221 3563 1453 3666 longitudine
1477 3567 1568 3644 radii
1586 3563 1700 3642 lucidi
1727 3561 1850 3662 paula·

459 3683 527 3758 tim
550 3678 801 3756 descendentis
826 3685 933 3758 etiam
957 3684 1030 3782 ipsa
1051 3687 1193 3762 minuta
1216 3688 1337 3769 metiri
1355 3687 1489 3770 liceret.
1537 3681 1757 3782 Huiusmodi
1780 3680 1849 3756 ho·

458 3797 612 3894 rologiis
647 3797 699 3874 uti
722 3793 866 3896 possent
885 3799 1125 3898 speculatores
1149 3801 1389 3900 notiambuli‚
1412 3804 1641 3881 excubitores
1658 3797 1845 3880 notturni,

460 3914 590 4012 aliique
619 3915 658 3990 in
686 3913 965 4013 occasionibus,
1004 3919 1068 3997 ubi
1099 3919 1206 3998 sonus
1234 3916 1489 4022 campanarum
1531 3919 1591 3998 vel
1620 3914 1736 3992 audiri
1770 3931 1849 3988 non

464 4029 603 4126 potest,
632 4029 690 4106 rel
715 4055 793 4108 non
821 4034 939 4112 debet.
1051 4059 1062 4072 ·

522 4138 612 4220 uon
636 4159 728 4246 pato
751 4149 873 4230 lucem
897 4153 1123 4232 marinorum
1145 4154 1318 4234 fludnum
1345 4151 1541 4254 comatam
1571 4139 1639 4226 effe
1663 4148 1738 4227 luci
1755 4137 1849 4218 meri

468 4260 558 4336 curii
588 4259 625 4334 in
659 4269 810 4339 vacuo:
852 4289 899 4348 ex
932 4289 1016 4346 meo
1060 4276 1158 4352 enim
1185 4271 1393 4372 explicandi
1432 4265 1614 4372 principio
1643 4268 1733 4342 bon
1765 4257 1849 4358 ipsas

465 4379 636 4456 mercurii
660 4379 840 4476 particula
873 4385 1082 4483 producunt
1101 4391 1248 4478 lucem,
1281 4374 1340 4464 sed
1375 4391 1498 4488 potius
1520 4387 1667 4466 materie
1699 4374 1850 4460 subtilis·
1969 4455 1975 4464 ,

463 4487 549 4568 fima
567 4505 589 4580 ι’
621 4517 701 4594 que
726 4500 765 4574 in
792 4501 1038 4599 angustissimis
1071 4511 1245 4588 mercurii
1269 4508 1409 4608 porulis
1440 4507 1639 4608 hospitatur
1660 4559 1671 4591 ‚
1696 4488 1850 4576 sexes:

465 4609 552 4684 titur
582 4613 798 4710 agitatione,
824 4643 915 4698 mox
945 4614 1057 4703 libera
1086 4623 1170 4703 cun'r
1201 4623 1284 4702 fita
1313 4625 1550 4724 claustrorum
1580 4615 1850 4721 impedimentis

466 4724 691 4804 celerrimum
724 4745 872 4811 motum
894 4741 1072 4838 acquirit,
1103 4745 1148 4820 ds
1166 4745 1215 4819 ita
1241 4742 1555 4821 lucem'causatur
1574 4767 1596 4836 3⁴
1624 4753 1731 4837 atque
1757 4732 1864 4808 adeo

294 4949 299 4960 Ι
403 4911 408 4922 ,
464 4834 631 4922 nanum
670 4844 883 4932 haberemus
909 4857 1093 4957 liquorem
1129 4857 1232 4937 valde
1272 4859 1550 4958 ponderosum,
1586 4859 1690 4954 cujus
1719 4863 1853 4937 nemi)t

1206 4971 1247 5056 D
1291 4996 1319 5078 ἓ
1769 4963 1854 5057 pori
