<?xml version="1.0" encoding="UTF-8"?>
<!DOCTYPE html PUBLIC "-//W3C//DTD XHTML 1.0 Transitional//EN"
    "http://www.w3.org/TR/xhtml1/DTD/xhtml1-transitional.dtd">
<html xmlns="http://www.w3.org/1999/xhtml" xml:lang="en" lang="en">
 <head>
  <title>
</title>
<meta http-equiv="Content-Type" content="text/html;charset=utf-8" />
  <meta name='ocr-system' content='tesseract 3.04.00' />
  <meta name='ocr-capabilities' content='ocr_page ocr_carea ocr_par ocr_line ocrx_word'/>
</head>
<body>
  <div class='ocr_page' id='page_1' title='image "./virorumceleberr00berngoog_0279.png"; bbox 0 0 5459 6684; ppageno 0'>
   <div class='ocr_carea' id='block_1_1' title="bbox 416 927 1763 1042">
    <p class='ocr_par' dir='ltr' id='par_1_1' title="bbox 416 927 1763 1042">
     <span class='ocr_line' id='line_1_1' title="bbox 416 927 1763 1042; baseline -0.005 -9"><span class='ocrx_word' id='word_1_1' title='bbox 416 958 734 1033; x_wconf 71' lang='lat' dir='ltr'>aarourrrr</span> <span class='ocrx_word' id='word_1_2' title='bbox 758 959 830 1028; x_wconf 79' lang='lat' dir='ltr'>er</span> <span class='ocrx_word' id='word_1_3' title='bbox 852 933 1257 1042; x_wconf 65' lang='lat' dir='ltr'>irrubuerit,</span> <span class='ocrx_word' id='word_1_4' title='bbox 1281 945 1429 1022; x_wconf 71' lang='lat' dir='ltr'>Eme.-</span> <span class='ocrx_word' id='word_1_5' title='bbox 1445 937 1669 1026; x_wconf 76' lang='lat' dir='ltr'>CLXXXVI.</span> <span class='ocrx_word' id='word_1_6' title='bbox 1692 927 1763 1040; x_wconf 70' lang='lat'>259&#39;</span> 
     </span>
    </p>
   </div>
   <div class='ocr_carea' id='block_1_2' title="bbox 235 1089 1925 5051">
    <p class='ocr_par' dir='ltr' id='par_1_2' title="bbox 235 1089 1925 1314">
     <span class='ocr_line' id='line_1_2' title="bbox 385 1089 1919 1202; baseline 0 -28"><span class='ocrx_word' id='word_1_7' title='bbox 385 1098 480 1200; x_wconf 87' lang='lat' dir='ltr'>apud</span> <span class='ocrx_word' id='word_1_8' title='bbox 507 1093 727 1202; x_wconf 72' lang='lat' dir='ltr'>Patauium</span> <span class='ocrx_word' id='word_1_9' title='bbox 744 1097 853 1199; x_wconf 85' lang='lat' dir='ltr'>poffit</span> <span class='ocrx_word' id='word_1_10' title='bbox 878 1093 980 1184; x_wconf 85' lang='lat' dir='ltr'>Tuus</span> <span class='ocrx_word' id='word_1_11' title='bbox 1005 1121 1052 1176; x_wconf 85' lang='lat' dir='ltr'>ex</span> <span class='ocrx_word' id='word_1_12' title='bbox 1073 1095 1192 1174; x_wconf 83' lang='lat' dir='ltr'>Fratre</span> <span class='ocrx_word' id='word_1_13' title='bbox 1218 1089 1376 1194; x_wconf 86' lang='lat' dir='ltr'><strong>Nepos,</strong></span> <span class='ocrx_word' id='word_1_14' title='bbox 1403 1100 1464 1196; x_wconf 91' lang='lat' dir='ltr'>qui</span> <span class='ocrx_word' id='word_1_15' title='bbox 1492 1119 1608 1196; x_wconf 88' lang='lat' dir='ltr'>nuper</span> <span class='ocrx_word' id='word_1_16' title='bbox 1633 1099 1670 1173; x_wconf 89' lang='lat' dir='ltr'>ni</span> <span class='ocrx_word' id='word_1_17' title='bbox 1700 1097 1764 1180; x_wconf 89' lang='lat' dir='ltr'>fal·</span> <span class='ocrx_word' id='word_1_18' title='bbox 1782 1127 1885 1199; x_wconf 83' lang='lat'>1711,</span> <span class='ocrx_word' id='word_1_19' title='bbox 1916 1145 1919 1152; x_wconf 20' lang='grc' dir='ltr'><strong>Δ</strong></span> 
     </span>
     <span class='ocr_line' id='line_1_3' title="bbox 235 1208 1925 1314; baseline 0 -24"><span class='ocrx_word' id='word_1_20' title='bbox 235 1298 236 1301; x_wconf 6' lang='lat'>¹</span> <span class='ocrx_word' id='word_1_21' title='bbox 384 1218 468 1302; x_wconf 87' lang='lat' dir='ltr'>lor,</span> <span class='ocrx_word' id='word_1_22' title='bbox 504 1217 544 1292; x_wconf 88' lang='lat' dir='ltr'>in</span> <span class='ocrx_word' id='word_1_23' title='bbox 573 1208 702 1290; x_wconf 78' lang='lat' dir='ltr'>Gallia</span> <span class='ocrx_word' id='word_1_24' title='bbox 730 1219 816 1314; x_wconf 80' lang='lat' dir='ltr'>egit.</span> <span class='ocrx_word' id='word_1_25' title='bbox 868 1215 914 1293; x_wconf 90' lang='lat' dir='ltr'>ld</span> <span class='ocrx_word' id='word_1_26' title='bbox 943 1214 970 1289; x_wconf 88' lang='lat' dir='ltr'>fi</span> <span class='ocrx_word' id='word_1_27' title='bbox 1003 1211 1090 1291; x_wconf 83' lang='lat' dir='ltr'>‘sibi</span> <span class='ocrx_word' id='word_1_28' title='bbox 1119 1235 1139 1288; x_wconf 86' lang='lat' dir='ltr'>e</span> <span class='ocrx_word' id='word_1_29' title='bbox 1169 1235 1206 1288; x_wconf 87' lang='lat' dir='ltr'>rc</span> <span class='ocrx_word' id='word_1_30' title='bbox 1242 1212 1422 1299; x_wconf 86' lang='lat' dir='ltr'>ridetur,</span> <span class='ocrx_word' id='word_1_31' title='bbox 1460 1213 1765 1294; x_wconf 89' lang='lat' dir='ltr'>communicanda</span> <span class='ocrx_word' id='word_1_32' title='bbox 1777 1211 1925 1306; x_wconf 67' lang='lat' dir='ltr'>August:</span> 
     </span>
    </p>

    <p class='ocr_par' dir='ltr' id='par_1_3' title="bbox 385 1315 1766 1434">
     <span class='ocr_line' id='line_1_4' title="bbox 385 1315 1766 1434; baseline -0.004 -29"><span class='ocrx_word' id='word_1_33' title='bbox 385 1345 494 1408; x_wconf 85' lang='lat' dir='ltr'>erunt</span> <span class='ocrx_word' id='word_1_34' title='bbox 522 1329 671 1408; x_wconf 87' lang='lat' dir='ltr'>confilia</span> <span class='ocrx_word' id='word_1_35' title='bbox 696 1355 783 1409; x_wconf 89' lang='lat' dir='ltr'>cum</span> <span class='ocrx_word' id='word_1_36' title='bbox 805 1334 885 1434; x_wconf 89' lang='lat' dir='ltr'>ipso</span> <span class='ocrx_word' id='word_1_37' title='bbox 905 1315 1074 1410; x_wconf 83' lang='lat' dir='ltr'>Domino</span> <span class='ocrx_word' id='word_1_38' title='bbox 1103 1329 1421 1420; x_wconf 73' lang='lat' dir='ltr'>Harmauu03</span> <span class='ocrx_word' id='word_1_39' title='bbox 1453 1329 1490 1404; x_wconf 81' lang='lat' dir='ltr'>dr</span> <span class='ocrx_word' id='word_1_40' title='bbox 1516 1327 1542 1403; x_wconf 89' lang='lat' dir='ltr'>li</span> <span class='ocrx_word' id='word_1_41' title='bbox 1562 1331 1651 1428; x_wconf 94' lang='lat' dir='ltr'>quid</span> <span class='ocrx_word' id='word_1_42' title='bbox 1676 1353 1766 1408; x_wconf 60' lang='lat' dir='ltr'>cona</span> 
     </span>
    </p>

    <p class='ocr_par' dir='ltr' id='par_1_4' title="bbox 387 1445 1766 1547">
     <span class='ocr_line' id='line_1_5' title="bbox 387 1445 1766 1547; baseline 0.001 -24"><span class='ocrx_word' id='word_1_43' title='bbox 387 1449 480 1524; x_wconf 80' lang='lat' dir='ltr'>serre</span> <span class='ocrx_word' id='word_1_44' title='bbox 501 1463 662 1547; x_wconf 82' lang='lat' dir='ltr'>potero,</span> <span class='ocrx_word' id='word_1_45' title='bbox 688 1447 819 1526; x_wconf 85' lang='lat' dir='ltr'>faciam</span> <span class='ocrx_word' id='word_1_46' title='bbox 846 1449 995 1538; x_wconf 76' lang='lat' dir='ltr'>lubens,</span> <span class='ocrx_word' id='word_1_47' title='bbox 1024 1447 1135 1533; x_wconf 83' lang='lat' dir='ltr'>datis,</span> <span class='ocrx_word' id='word_1_48' title='bbox 1158 1445 1308 1524; x_wconf 81' lang='lat' dir='ltr'>livubis</span> <span class='ocrx_word' id='word_1_49' title='bbox 1341 1445 1694 1530; x_wconf 60' lang='lat' dir='ltr'>videbiwuteris</span> <span class='ocrx_word' id='word_1_50' title='bbox 1719 1447 1766 1524; x_wconf 87' lang='lat' dir='ltr'>ad</span> 
     </span>
    </p>

    <p class='ocr_par' dir='ltr' id='par_1_5' title="bbox 386 1562 1766 1668">
     <span class='ocr_line' id='line_1_6' title="bbox 386 1562 1766 1668; baseline -0.002 -26"><span class='ocrx_word' id='word_1_51' title='bbox 386 1562 569 1662; x_wconf 83' lang='lat' dir='ltr'>Inclytum</span> <span class='ocrx_word' id='word_1_52' title='bbox 596 1562 726 1668; x_wconf 82' lang='lat' dir='ltr'>Virum</span> <span class='ocrx_word' id='word_1_53' title='bbox 755 1563 989 1643; x_wconf 76' lang='lat' dir='ltr'>Bernardrmr</span> <span class='ocrx_word' id='word_1_54' title='bbox 1010 1563 1396 1658; x_wconf 80' lang='lat' dir='ltr'>Tuerrsruuu,</span> <span class='ocrx_word' id='word_1_55' title='bbox 1436 1584 1547 1663; x_wconf 90' lang='lat' dir='ltr'>quem</span> <span class='ocrx_word' id='word_1_56' title='bbox 1575 1562 1624 1636; x_wconf 92' lang='lat' dir='ltr'>ob</span> <span class='ocrx_word' id='word_1_57' title='bbox 1660 1563 1766 1639; x_wconf 78' lang='lat' dir='ltr'>uobi-¹</span> 
     </span>
    </p>

    <p class='ocr_par' dir='ltr' id='par_1_6' title="bbox 385 1665 1765 1785">
     <span class='ocr_line' id='line_1_7' title="bbox 385 1665 1765 1785; baseline 0.001 -31"><span class='ocrx_word' id='word_1_58' title='bbox 385 1681 525 1755; x_wconf 85' lang='lat' dir='ltr'>litatem</span> <span class='ocrx_word' id='word_1_59' title='bbox 553 1680 590 1755; x_wconf 79' lang='lat' dir='ltr'>dc</span> <span class='ocrx_word' id='word_1_60' title='bbox 616 1665 828 1760; x_wconf 74' lang='lat' dir='ltr'>Doslrinam</span> <span class='ocrx_word' id='word_1_61' title='bbox 852 1683 951 1785; x_wconf 87' lang='lat' dir='ltr'>apud</span> <span class='ocrx_word' id='word_1_62' title='bbox 974 1682 1169 1763; x_wconf 77' lang='lat' dir='ltr'>Curatores</span> <span class='ocrx_word' id='word_1_63' title='bbox 1186 1679 1386 1758; x_wconf 72' lang='lat' dir='ltr'>Academiae</span> <span class='ocrx_word' id='word_1_64' title='bbox 1416 1675 1554 1780; x_wconf 88' lang='lat' dir='ltr'>aliquid</span> <span class='ocrx_word' id='word_1_65' title='bbox 1575 1677 1672 1777; x_wconf 88' lang='lat' dir='ltr'>polle</span> <span class='ocrx_word' id='word_1_66' title='bbox 1687 1703 1765 1758; x_wconf 87' lang='lat' dir='ltr'>uon</span> 
     </span>
    </p>

    <p class='ocr_par' dir='ltr' id='par_1_7' title="bbox 382 1791 1766 1912">
     <span class='ocr_line' id='line_1_8' title="bbox 382 1791 1766 1912; baseline 0.004 -44"><span class='ocrx_word' id='word_1_67' title='bbox 382 1795 528 1870; x_wconf 86' lang='lat' dir='ltr'>dubito.</span> <span class='ocrx_word' id='word_1_68' title='bbox 585 1795 655 1873; x_wconf 84' lang='lat' dir='ltr'>Sed</span> <span class='ocrx_word' id='word_1_69' title='bbox 687 1798 820 1876; x_wconf 79' lang='lat' dir='ltr'>vellem</span> <span class='ocrx_word' id='word_1_70' title='bbox 846 1825 926 1878; x_wconf 88' lang='lat' dir='ltr'>uon</span> <span class='ocrx_word' id='word_1_71' title='bbox 959 1801 1174 1912; x_wconf 81' lang='lat' dir='ltr'>praecipitari</span> <span class='ocrx_word' id='word_1_72' title='bbox 1207 1793 1394 1874; x_wconf 84' lang='lat' dir='ltr'>discessum</span> <span class='ocrx_word' id='word_1_73' title='bbox 1422 1795 1502 1874; x_wconf 91' lang='lat' dir='ltr'>Dni</span> <span class='ocrx_word' id='word_1_74' title='bbox 1531 1791 1766 1874; x_wconf 56' lang='lat' dir='ltr'>Hermum</span> 
     </span>
    </p>

    <p class='ocr_par' dir='ltr' id='par_1_8' title="bbox 379 1909 1765 2016">
     <span class='ocr_line' id='line_1_9' title="bbox 379 1909 1765 2016; baseline 0.004 -33"><span class='ocrx_word' id='word_1_75' title='bbox 379 1931 454 1996; x_wconf 83' lang='lat' dir='ltr'>ur,</span> <span class='ocrx_word' id='word_1_76' title='bbox 491 1911 555 2004; x_wconf 79' lang='lat' dir='ltr'>dr,</span> <span class='ocrx_word' id='word_1_77' title='bbox 584 1909 610 1987; x_wconf 88' lang='lat' dir='ltr'>li</span> <span class='ocrx_word' id='word_1_78' title='bbox 639 1911 718 1990; x_wconf 87' lang='lat' dir='ltr'>lieri</span> <span class='ocrx_word' id='word_1_79' title='bbox 751 1918 954 1994; x_wconf 88' lang='lat' dir='ltr'>commode</span> <span class='ocrx_word' id='word_1_80' title='bbox 990 1916 1122 2016; x_wconf 79' lang='lat' dir='ltr'>poffir,</span> <span class='ocrx_word' id='word_1_81' title='bbox 1156 1936 1271 1990; x_wconf 85' lang='lat' dir='ltr'>annos</span> <span class='ocrx_word' id='word_1_82' title='bbox 1297 1916 1330 1988; x_wconf 86' lang='lat' dir='ltr'>ei</span> <span class='ocrx_word' id='word_1_83' title='bbox 1354 1913 1570 2013; x_wconf 86' lang='lat' dir='ltr'>praestitutos</span> <span class='ocrx_word' id='word_1_84' title='bbox 1605 1913 1765 2006; x_wconf 88' lang='lat' dir='ltr'>ablolri;</span> 
     </span>
    </p>

    <p class='ocr_par' dir='ltr' id='par_1_9' title="bbox 376 2017 1766 2134">
     <span class='ocr_line' id='line_1_10' title="bbox 376 2017 1766 2134; baseline 0.009 -34"><span class='ocrx_word' id='word_1_85' title='bbox 376 2029 428 2103; x_wconf 87' lang='lat' dir='ltr'>ita</span> <span class='ocrx_word' id='word_1_86' title='bbox 454 2030 554 2102; x_wconf 87' lang='lat' dir='ltr'>enim</span> <span class='ocrx_word' id='word_1_87' title='bbox 579 2027 738 2108; x_wconf 84' lang='lat' dir='ltr'>discedet</span> <span class='ocrx_word' id='word_1_88' title='bbox 760 2037 901 2134; x_wconf 86' lang='lat' dir='ltr'>optima</span> <span class='ocrx_word' id='word_1_89' title='bbox 923 2031 1149 2133; x_wconf 79' lang='lat' dir='ltr'>Reipublicae</span> <span class='ocrx_word' id='word_1_90' title='bbox 1178 2033 1317 2128; x_wconf 87' lang='lat' dir='ltr'>gratia,</span> <span class='ocrx_word' id='word_1_91' title='bbox 1354 2036 1494 2132; x_wconf 87' lang='lat' dir='ltr'>eritque</span> <span class='ocrx_word' id='word_1_92' title='bbox 1514 2017 1550 2103; x_wconf 81' lang='lat' dir='ltr'>ir&#39;r</span> <span class='ocrx_word' id='word_1_93' title='bbox 1577 2046 1766 2112; x_wconf 81' lang='lat' dir='ltr'>commen-</span> 
     </span>
    </p>

    <p class='ocr_par' dir='ltr' id='par_1_10' title="bbox 383 2142 1766 2257">
     <span class='ocr_line' id='line_1_11' title="bbox 383 2142 1766 2250; baseline 0.004 -32"><span class='ocrx_word' id='word_1_94' title='bbox 383 2142 506 2220; x_wconf 84' lang='lat' dir='ltr'>dando</span> <span class='ocrx_word' id='word_1_95' title='bbox 529 2143 693 2223; x_wconf 81' lang='lat' dir='ltr'>validior.</span> <span class='ocrx_word' id='word_1_96' title='bbox 736 2145 781 2225; x_wconf 80' lang='lat' dir='ltr'>Et</span> <span class='ocrx_word' id='word_1_97' title='bbox 811 2165 903 2250; x_wconf 85' lang='lat' dir='ltr'>puto</span> <span class='ocrx_word' id='word_1_98' title='bbox 932 2173 1011 2226; x_wconf 86' lang='lat' dir='ltr'>noo</span> <span class='ocrx_word' id='word_1_99' title='bbox 1039 2149 1197 2224; x_wconf 87' lang='lat' dir='ltr'>multum</span> <span class='ocrx_word' id='word_1_100' title='bbox 1219 2144 1334 2222; x_wconf 72' lang='lat' dir='ltr'>abesse</span> <span class='ocrx_word' id='word_1_101' title='bbox 1355 2173 1441 2225; x_wconf 86' lang='lat' dir='ltr'>eum</span> <span class='ocrx_word' id='word_1_102' title='bbox 1461 2173 1479 2224; x_wconf 95' lang='lat' dir='ltr'>a</span> <span class='ocrx_word' id='word_1_103' title='bbox 1501 2157 1616 2234; x_wconf 83' lang='lat' dir='ltr'>meta,</span> <span class='ocrx_word' id='word_1_104' title='bbox 1651 2149 1689 2222; x_wconf 88' lang='lat'>&amp;</span> <span class='ocrx_word' id='word_1_105' title='bbox 1715 2145 1766 2224; x_wconf 86' lang='lat' dir='ltr'>fa·&#39;</span> 
     </span>
    </p>

    <p class='ocr_par' dir='ltr' id='par_1_11' title="bbox 382 2251 1903 2366">
     <span class='ocr_line' id='line_1_12' title="bbox 382 2251 1903 2366; baseline 0.004 -32"><span class='ocrx_word' id='word_1_106' title='bbox 382 2259 457 2335; x_wconf 76' lang='lat' dir='ltr'>olle</span> <span class='ocrx_word' id='word_1_107' title='bbox 481 2258 571 2336; x_wconf 86' lang='lat' dir='ltr'>lieri-</span> <span class='ocrx_word' id='word_1_108' title='bbox 593 2263 723 2360; x_wconf 83' lang='lat' dir='ltr'>polle,</span> <span class='ocrx_word' id='word_1_109' title='bbox 751 2278 794 2341; x_wconf 90' lang='lat' dir='ltr'>ut</span> <span class='ocrx_word' id='word_1_110' title='bbox 824 2265 976 2366; x_wconf 83' lang='lat' dir='ltr'>aliquod</span> <span class='ocrx_word' id='word_1_111' title='bbox 1001 2265 1320 2362; x_wconf 84' lang='lat' dir='ltr'>adliuctrmporis</span> <span class='ocrx_word' id='word_1_112' title='bbox 1346 2265 1500 2364; x_wconf 89' lang='lat' dir='ltr'>spatium</span> <span class='ocrx_word' id='word_1_113' title='bbox 1523 2251 1766 2342; x_wconf 49' lang='lat' dir='ltr'>effluat&#39;ante·</span> <span class='ocrx_word' id='word_1_114' title='bbox 1896 2259 1903 2268; x_wconf 68' lang='grc'><strong>’</strong></span> 
     </span>
    </p>

    <p class='ocr_par' dir='ltr' id='par_1_12' title="bbox 390 2368 1876 2480">
     <span class='ocr_line' id='line_1_13' title="bbox 390 2368 1876 2480; baseline 0.005 -31"><span class='ocrx_word' id='word_1_115' title='bbox 390 2398 498 2474; x_wconf 92' lang='lat' dir='ltr'>quam</span> <span class='ocrx_word' id='word_1_116' title='bbox 536 2368 876 2473; x_wconf 72' lang='lat' dir='ltr'>Francufrtrtmrum</span> <span class='ocrx_word' id='word_1_117' title='bbox 900 2384 1098 2480; x_wconf 80' lang='lat' dir='ltr'>negotium</span> <span class='ocrx_word' id='word_1_118' title='bbox 1131 2379 1274 2476; x_wconf 75' lang='lat' dir='ltr'>perdtus</span> <span class='ocrx_word' id='word_1_119' title='bbox 1312 2380 1533 2457; x_wconf 81' lang='lat' dir='ltr'>conficiatur.</span> <span class='ocrx_word' id='word_1_120' title='bbox 1595 2380 1666 2459; x_wconf 88' lang='lat' dir='ltr'>Sed</span> <span class='ocrx_word' id='word_1_121' title='bbox 1691 2381 1768 2456; x_wconf 83' lang='lat' dir='ltr'>haec</span> <span class='ocrx_word' id='word_1_122' title='bbox 1869 2409 1876 2418; x_wconf 94' lang='lat'>·</span> 
     </span>
    </p>

    <p class='ocr_par' dir='ltr' id='par_1_13' title="bbox 390 2489 1866 2597">
     <span class='ocr_line' id='line_1_14' title="bbox 390 2489 1866 2597; baseline 0.003 -30"><span class='ocrx_word' id='word_1_123' title='bbox 390 2489 476 2567; x_wconf 87' lang='lat' dir='ltr'>Tibi</span> <span class='ocrx_word' id='word_1_124' title='bbox 508 2490 646 2580; x_wconf 89' lang='lat' dir='ltr'>scribo,</span> <span class='ocrx_word' id='word_1_125' title='bbox 689 2494 831 2574; x_wconf 84' lang='lat' dir='ltr'>fortasse</span> <span class='ocrx_word' id='word_1_126' title='bbox 857 2501 956 2574; x_wconf 86' lang='lat' dir='ltr'>euim</span> <span class='ocrx_word' id='word_1_127' title='bbox 987 2497 1062 2597; x_wconf 88' lang='lat' dir='ltr'>ipse</span> <span class='ocrx_word' id='word_1_128' title='bbox 1092 2493 1219 2573; x_wconf 84' lang='lat' dir='ltr'>mallet</span> <span class='ocrx_word' id='word_1_129' title='bbox 1246 2493 1426 2572; x_wconf 83' lang='lat' dir='ltr'>discedere</span> <span class='ocrx_word' id='word_1_130' title='bbox 1455 2503 1635 2578; x_wconf 80' lang='lat' dir='ltr'>maturius.</span> <span class='ocrx_word' id='word_1_131' title='bbox 1700 2497 1768 2576; x_wconf 86' lang='lat' dir='ltr'>Ita·</span> <span class='ocrx_word' id='word_1_132' title='bbox 1862 2513 1866 2516; x_wconf 74' lang='grc'>·’</span> 
     </span>
    </p>

    <p class='ocr_par' dir='ltr' id='par_1_14' title="bbox 389 2604 1768 2713">
     <span class='ocr_line' id='line_1_15' title="bbox 389 2604 1768 2713; baseline 0.006 -31"><span class='ocrx_word' id='word_1_133' title='bbox 389 2629 463 2707; x_wconf 92' lang='lat' dir='ltr'>que</span> <span class='ocrx_word' id='word_1_134' title='bbox 487 2604 550 2682; x_wconf 89' lang='lat' dir='ltr'>Tu</span> <span class='ocrx_word' id='word_1_135' title='bbox 582 2630 651 2706; x_wconf 89' lang='lat' dir='ltr'>pro</span> <span class='ocrx_word' id='word_1_136' title='bbox 686 2613 880 2710; x_wconf 85' lang='lat' dir='ltr'>prudentia</span> <span class='ocrx_word' id='word_1_137' title='bbox 910 2611 991 2689; x_wconf 82' lang='lat' dir='ltr'>Tu&#39;a</span> <span class='ocrx_word' id='word_1_138' title='bbox 1018 2613 1109 2690; x_wconf 81' lang='lat' dir='ltr'>cu&#39;m</span> <span class='ocrx_word' id='word_1_139' title='bbox 1133 2615 1180 2689; x_wconf 81' lang='lat' dir='ltr'>co</span> <span class='ocrx_word' id='word_1_140' title='bbox 1213 2635 1306 2711; x_wconf 83' lang='lat' dir='ltr'>ages.</span> <span class='ocrx_word' id='word_1_141' title='bbox 1369 2611 1566 2713; x_wconf 84' lang='lat' dir='ltr'>Optimum</span> <span class='ocrx_word' id='word_1_142' title='bbox 1595 2637 1683 2690; x_wconf 80' lang='lat' dir='ltr'>aneo</span> <span class='ocrx_word' id='word_1_143' title='bbox 1714 2617 1768 2708; x_wconf 86' lang='lat' dir='ltr'>ju·</span> 
     </span>
    </p>

    <p class='ocr_par' dir='ltr' id='par_1_15' title="bbox 387 2723 1769 2832">
     <span class='ocr_line' id='line_1_16' title="bbox 387 2723 1769 2832; baseline 0.003 -34"><span class='ocrx_word' id='word_1_144' title='bbox 387 2723 492 2800; x_wconf 91' lang='lat' dir='ltr'>dicio</span> <span class='ocrx_word' id='word_1_145' title='bbox 524 2725 614 2816; x_wconf 81' lang='lat' dir='ltr'>erit,</span> <span class='ocrx_word' id='word_1_146' title='bbox 646 2739 693 2802; x_wconf 88' lang='lat' dir='ltr'>ut·</span> <span class='ocrx_word' id='word_1_147' title='bbox 724 2729 803 2832; x_wconf 87' lang='lat' dir='ltr'>ipse</span> <span class='ocrx_word' id='word_1_148' title='bbox 840 2729 1081 2814; x_wconf 66' lang='lat' dir='ltr'>curatoribus</span> <span class='ocrx_word' id='word_1_149' title='bbox 1112 2726 1288 2826; x_wconf 84' lang='lat' dir='ltr'>significet</span> <span class='ocrx_word' id='word_1_150' title='bbox 1319 2732 1613 2832; x_wconf 87' lang='lat' dir='ltr'>appropinquare</span> <span class='ocrx_word' id='word_1_151' title='bbox 1649 2731 1769 2804; x_wconf 88' lang='lat' dir='ltr'>terrui-</span> 
     </span>
    </p>

    <p class='ocr_par' dir='ltr' id='par_1_16' title="bbox 386 2831 1775 2948">
     <span class='ocr_line' id='line_1_17' title="bbox 386 2831 1775 2948; baseline 0.002 -33"><span class='ocrx_word' id='word_1_152' title='bbox 386 2862 482 2915; x_wconf 89' lang='lat' dir='ltr'>num</span> <span class='ocrx_word' id='word_1_153' title='bbox 520 2831 730 2938; x_wconf 70' lang='lat' dir='ltr'>temporis,</span> <span class='ocrx_word' id='word_1_154' title='bbox 765 2850 804 2922; x_wconf 89' lang='lat' dir='ltr'>in</span> <span class='ocrx_word' id='word_1_155' title='bbox 829 2847 929 2948; x_wconf 92' lang='lat' dir='ltr'>quod</span> <span class='ocrx_word' id='word_1_156' title='bbox 961 2868 1112 2946; x_wconf 85' lang='lat' dir='ltr'>operam</span> <span class='ocrx_word' id='word_1_157' title='bbox 1135 2845 1335 2924; x_wconf 78' lang='lat' dir='ltr'>addixerit:</span> <span class='ocrx_word' id='word_1_158' title='bbox 1361 2849 1398 2926; x_wconf 89' lang='lat' dir='ltr'>se</span> <span class='ocrx_word' id='word_1_159' title='bbox 1424 2869 1512 2924; x_wconf 85' lang='lat' dir='ltr'>vero</span> <span class='ocrx_word' id='word_1_160' title='bbox 1537 2847 1699 2923; x_wconf 89' lang='lat' dir='ltr'>dubitare</span> <span class='ocrx_word' id='word_1_161' title='bbox 1728 2865 1775 2920; x_wconf 90' lang='lat' dir='ltr'>arr</span> 
     </span>
    </p>

    <p class='ocr_par' dir='ltr' id='par_1_17' title="bbox 387 2953 1775 3064">
     <span class='ocr_line' id='line_1_18' title="bbox 387 2953 1775 3064; baseline 0.002 -33"><span class='ocrx_word' id='word_1_162' title='bbox 387 2979 446 3031; x_wconf 84' lang='lat' dir='ltr'>res</span> <span class='ocrx_word' id='word_1_163' title='bbox 472 2953 678 3036; x_wconf 83' lang='lat' dir='ltr'>domesticae</span> <span class='ocrx_word' id='word_1_164' title='bbox 705 2960 822 3041; x_wconf 86' lang='lat' dir='ltr'>ferant</span> <span class='ocrx_word' id='word_1_165' title='bbox 845 2978 888 3044; x_wconf 83' lang='lat' dir='ltr'>ut</span> <span class='ocrx_word' id='word_1_166' title='bbox 917 2961 1053 3044; x_wconf 81' lang='lat' dir='ltr'>diratius</span> <span class='ocrx_word' id='word_1_167' title='bbox 1086 2965 1126 3038; x_wconf 89' lang='lat' dir='ltr'>iu</span> <span class='ocrx_word' id='word_1_168' title='bbox 1158 2955 1269 3037; x_wconf 82' lang='lat' dir='ltr'>Italia</span> <span class='ocrx_word' id='word_1_169' title='bbox 1300 2963 1434 3041; x_wconf 84' lang='lat' dir='ltr'>haerere</span> <span class='ocrx_word' id='word_1_170' title='bbox 1470 2963 1614 3064; x_wconf 82' lang='lat' dir='ltr'>poffit:</span> <span class='ocrx_word' id='word_1_171' title='bbox 1654 2963 1775 3060; x_wconf 89' lang='lat' dir='ltr'>itaque</span> 
     </span>
    </p>

    <p class='ocr_par' dir='ltr' id='par_1_18' title="bbox 387 3068 1807 3180">
     <span class='ocr_line' id='line_1_19' title="bbox 387 3068 1807 3180; baseline 0.006 -31"><span class='ocrx_word' id='word_1_172' title='bbox 387 3068 580 3149; x_wconf 84' lang='lat' dir='ltr'>confilium</span> <span class='ocrx_word' id='word_1_173' title='bbox 618 3071 723 3152; x_wconf 88' lang='lat' dir='ltr'>suum</span> <span class='ocrx_word' id='word_1_174' title='bbox 755 3094 895 3158; x_wconf 86' lang='lat' dir='ltr'>mature</span> <span class='ocrx_word' id='word_1_175' title='bbox 924 3083 1063 3180; x_wconf 85' lang='lat' dir='ltr'>aperire</span> <span class='ocrx_word' id='word_1_176' title='bbox 1089 3075 1273 3165; x_wconf 82' lang='lat' dir='ltr'>voluisse,</span> <span class='ocrx_word' id='word_1_177' title='bbox 1309 3095 1353 3156; x_wconf 87' lang='lat' dir='ltr'>ut</span> <span class='ocrx_word' id='word_1_178' title='bbox 1380 3081 1590 3177; x_wconf 80' lang='lat' dir='ltr'>tempestive</span> <span class='ocrx_word' id='word_1_179' title='bbox 1620 3075 1664 3152; x_wconf 88' lang='lat' dir='ltr'>de</span> <span class='ocrx_word' id='word_1_180' title='bbox 1697 3075 1807 3158; x_wconf 42' lang='lat' dir='ltr'>suc-r</span> 
     </span>
    </p>

    <p class='ocr_par' dir='ltr' id='par_1_19' title="bbox 383 3182 1775 3295">
     <span class='ocr_line' id='line_1_20' title="bbox 383 3182 1775 3295; baseline 0.001 -30"><span class='ocrx_word' id='word_1_181' title='bbox 383 3184 523 3265; x_wconf 81' lang='lat' dir='ltr'>cessure</span> <span class='ocrx_word' id='word_1_182' title='bbox 558 3192 712 3284; x_wconf 81' lang='lat' dir='ltr'>cogitari</span> <span class='ocrx_word' id='word_1_183' title='bbox 734 3195 874 3293; x_wconf 64' lang='lat' dir='ltr'>&#39;queatr</span> <span class='ocrx_word' id='word_1_184' title='bbox 916 3189 1017 3272; x_wconf 75' lang='lat' dir='ltr'>inde‘</span> <span class='ocrx_word' id='word_1_185' title='bbox 1046 3215 1113 3295; x_wconf 85' lang='lat' dir='ltr'>per</span> <span class='ocrx_word' id='word_1_186' title='bbox 1149 3183 1380 3271; x_wconf 82' lang='lat' dir='ltr'>occufiouem</span> <span class='ocrx_word' id='word_1_187' title='bbox 1414 3182 1604 3272; x_wconf 82' lang='lat' dir='ltr'>ostendere</span> <span class='ocrx_word' id='word_1_188' title='bbox 1632 3194 1775 3293; x_wconf 87' lang='lat' dir='ltr'>poterit</span> 
     </span>
    </p>

    <p class='ocr_par' dir='ltr' id='par_1_20' title="bbox 384 3300 1774 3420">
     <span class='ocr_line' id='line_1_21' title="bbox 384 3300 1774 3420; baseline 0.003 -40"><span class='ocrx_word' id='word_1_189' title='bbox 384 3300 455 3380; x_wconf 82' lang='lat' dir='ltr'>else</span> <span class='ocrx_word' id='word_1_190' title='bbox 481 3300 660 3403; x_wconf 83' lang='lat' dir='ltr'>Jureuem</span> <span class='ocrx_word' id='word_1_191' title='bbox 684 3311 850 3407; x_wconf 86' lang='lat' dir='ltr'>praeclare</span> <span class='ocrx_word' id='word_1_192' title='bbox 871 3313 1052 3420; x_wconf 71' lang='lat' dir='ltr'>⁸versatum</span> <span class='ocrx_word' id='word_1_193' title='bbox 1075 3313 1114 3387; x_wconf 88' lang='lat' dir='ltr'>iu</span> <span class='ocrx_word' id='word_1_194' title='bbox 1141 3310 1247 3387; x_wconf 90' lang='lat' dir='ltr'>rebus</span> <span class='ocrx_word' id='word_1_195' title='bbox 1269 3312 1532 3390; x_wconf 85' lang='lat' dir='ltr'>mathematicis</span> <span class='ocrx_word' id='word_1_196' title='bbox 1555 3309 1774 3412; x_wconf 81' lang='lat' dir='ltr'>profundio-</span> 
     </span>
    </p>

    <p class='ocr_par' dir='ltr' id='par_1_21' title="bbox 385 3419 1774 3530">
     <span class='ocr_line' id='line_1_22' title="bbox 385 3419 1774 3530; baseline 0.003 -33"><span class='ocrx_word' id='word_1_197' title='bbox 385 3419 506 3508; x_wconf 88' lang='lat' dir='ltr'>ribus,</span> <span class='ocrx_word' id='word_1_198' title='bbox 534 3423 597 3521; x_wconf 89' lang='lat' dir='ltr'>qui</span> <span class='ocrx_word' id='word_1_199' title='bbox 623 3419 688 3498; x_wconf 87' lang='lat' dir='ltr'>fibi</span> <span class='ocrx_word' id='word_1_200' title='bbox 716 3424 830 3525; x_wconf 90' lang='lat' dir='ltr'>sparta</span> <span class='ocrx_word' id='word_1_201' title='bbox 863 3429 1087 3528; x_wconf 84' lang='lat' dir='ltr'>dignillimus</span> <span class='ocrx_word' id='word_1_202' title='bbox 1116 3427 1314 3516; x_wconf 82' lang='lat' dir='ltr'>videatur,</span> <span class='ocrx_word' id='word_1_203' title='bbox 1352 3429 1391 3503; x_wconf 75' lang='lat' dir='ltr'>ar</span> <span class='ocrx_word' id='word_1_204' title='bbox 1423 3453 1534 3530; x_wconf 89' lang='lat' dir='ltr'>quem</span> <span class='ocrx_word' id='word_1_205' title='bbox 1564 3430 1774 3505; x_wconf 84' lang='lat' dir='ltr'>nominatu-</span> 
     </span>
    </p>

    <p class='ocr_par' dir='ltr' id='par_1_22' title="bbox 386 3534 1770 3625">
     <span class='ocr_line' id='line_1_23' title="bbox 386 3534 1770 3625; baseline 0.001 -12"><span class='ocrx_word' id='word_1_206' title='bbox 386 3561 452 3614; x_wconf 90' lang='lat' dir='ltr'>rus</span> <span class='ocrx_word' id='word_1_207' title='bbox 478 3534 588 3624; x_wconf 81' lang='lat' dir='ltr'>effer,</span> <span class='ocrx_word' id='word_1_208' title='bbox 618 3535 645 3614; x_wconf 83' lang='lat' dir='ltr'>fi</span> <span class='ocrx_word' id='word_1_209' title='bbox 670 3565 727 3617; x_wconf 87' lang='lat' dir='ltr'>res</span> <span class='ocrx_word' id='word_1_210' title='bbox 754 3547 793 3619; x_wconf 89' lang='lat' dir='ltr'>in</span> <span class='ocrx_word' id='word_1_211' title='bbox 819 3543 882 3622; x_wconf 94' lang='lat' dir='ltr'>suo</span> <span class='ocrx_word' id='word_1_212' title='bbox 914 3548 1062 3623; x_wconf 89' lang='lat' dir='ltr'>arbitrio</span> <span class='ocrx_word' id='word_1_213' title='bbox 1091 3543 1199 3620; x_wconf 82' lang='lat' dir='ltr'>foret.</span> <span class='ocrx_word' id='word_1_214' title='bbox 1261 3541 1356 3620; x_wconf 86' lang='lat' dir='ltr'>Eum</span> <span class='ocrx_word' id='word_1_215' title='bbox 1386 3546 1448 3621; x_wconf 91' lang='lat' dir='ltr'>ubi</span> <span class='ocrx_word' id='word_1_216' title='bbox 1486 3543 1728 3621; x_wconf 84' lang='lat' dir='ltr'>nominaverit</span> <span class='ocrx_word' id='word_1_217' title='bbox 1758 3595 1770 3625; x_wconf 88' lang='lat'><strong>,</strong></span> 
     </span>
    </p>

    <p class='ocr_par' dir='ltr' id='par_1_23' title="bbox 390 3651 1770 3759">
     <span class='ocr_line' id='line_1_24' title="bbox 390 3651 1770 3759; baseline -0.002 -28"><span class='ocrx_word' id='word_1_218' title='bbox 390 3678 468 3731; x_wconf 88' lang='lat' dir='ltr'>oon</span> <span class='ocrx_word' id='word_1_219' title='bbox 498 3655 654 3744; x_wconf 85' lang='lat' dir='ltr'>dubito,</span> <span class='ocrx_word' id='word_1_220' title='bbox 685 3663 775 3759; x_wconf 88' lang='lat' dir='ltr'>quio</span> <span class='ocrx_word' id='word_1_221' title='bbox 804 3661 997 3738; x_wconf 82' lang='lat' dir='ltr'>valiturum</span> <span class='ocrx_word' id='word_1_222' title='bbox 1024 3660 1140 3738; x_wconf 78' lang='lat' dir='ltr'>situel</span> <span class='ocrx_word' id='word_1_223' title='bbox 1162 3660 1281 3758; x_wconf 88' lang='lat' dir='ltr'>ipsum</span> <span class='ocrx_word' id='word_1_224' title='bbox 1297 3651 1594 3736; x_wconf 74' lang='lat' dir='ltr'>Bernuullicruum</span> <span class='ocrx_word' id='word_1_225' title='bbox 1617 3677 1770 3734; x_wconf 85' lang='lat' dir='ltr'>nomen.</span> 
     </span>
    </p>

    <p class='ocr_par' dir='ltr' id='par_1_24' title="bbox 389 3763 1769 3876">
     <span class='ocr_line' id='line_1_25' title="bbox 389 3763 1769 3876; baseline -0.004 -26"><span class='ocrx_word' id='word_1_226' title='bbox 389 3769 479 3850; x_wconf 74' lang='lat' dir='ltr'>Haec</span> <span class='ocrx_word' id='word_1_227' title='bbox 513 3771 663 3863; x_wconf 77' lang='lat' dir='ltr'>consilia</span> <span class='ocrx_word' id='word_1_228' title='bbox 691 3799 771 3852; x_wconf 86' lang='lat' dir='ltr'>mea</span> <span class='ocrx_word' id='word_1_229' title='bbox 803 3781 940 3875; x_wconf 86' lang='lat' dir='ltr'>aperire</span> <span class='ocrx_word' id='word_1_230' title='bbox 970 3775 1057 3856; x_wconf 91' lang='lat' dir='ltr'>Tibi</span> <span class='ocrx_word' id='word_1_231' title='bbox 1093 3763 1224 3870; x_wconf 79' lang='lat' dir='ltr'>uolui,</span> <span class='ocrx_word' id='word_1_232' title='bbox 1256 3779 1341 3876; x_wconf 91' lang='lat' dir='ltr'>quia</span> <span class='ocrx_word' id='word_1_233' title='bbox 1365 3774 1563 3852; x_wconf 81' lang='lat' dir='ltr'>desiderare</span> <span class='ocrx_word' id='word_1_234' title='bbox 1594 3771 1769 3849; x_wconf 83' lang='lat' dir='ltr'>videbaris</span> 
     </span>
    </p>

    <p class='ocr_par' dir='ltr' id='par_1_25' title="bbox 390 3883 1771 3993">
     <span class='ocr_line' id='line_1_26' title="bbox 390 3883 1771 3993; baseline -0.003 -29"><span class='ocrx_word' id='word_1_235' title='bbox 390 3904 433 3964; x_wconf 88' lang='lat' dir='ltr'>ut</span> <span class='ocrx_word' id='word_1_236' title='bbox 456 3891 628 3989; x_wconf 87' lang='lat' dir='ltr'>praeclaro</span> <span class='ocrx_word' id='word_1_237' title='bbox 650 3891 705 3967; x_wconf 93' lang='lat' dir='ltr'>illi</span> <span class='ocrx_word' id='word_1_238' title='bbox 730 3895 853 3990; x_wconf 76' lang='lat' dir='ltr'>iuveni</span> <span class='ocrx_word' id='word_1_239' title='bbox 881 3893 1153 3993; x_wconf 86' lang='lat' dir='ltr'>prospiceretur.</span> <span class='ocrx_word' id='word_1_240' title='bbox 1186 3889 1282 3969; x_wconf 87' lang='lat' dir='ltr'>Non</span> <span class='ocrx_word' id='word_1_241' title='bbox 1302 3892 1431 3970; x_wconf 93' lang='lat' dir='ltr'>dubito</span> <span class='ocrx_word' id='word_1_242' title='bbox 1456 3895 1545 3992; x_wconf 88' lang='lat' dir='ltr'>quin</span> <span class='ocrx_word' id='word_1_243' title='bbox 1573 3889 1685 3966; x_wconf 87' lang='lat' dir='ltr'>futuri</span> <span class='ocrx_word' id='word_1_244' title='bbox 1703 3883 1771 3961; x_wconf 80' lang='lat' dir='ltr'>fine</span> 
     </span>
    </p>

    <p class='ocr_par' dir='ltr' id='par_1_26' title="bbox 390 3998 1769 4110">
     <span class='ocr_line' id='line_1_27' title="bbox 390 3998 1769 4110; baseline 0 -30"><span class='ocrx_word' id='word_1_245' title='bbox 390 3999 482 4081; x_wconf 77' lang='lat' dir='ltr'>Itali</span> <span class='ocrx_word' id='word_1_246' title='bbox 512 4009 697 4084; x_wconf 86' lang='lat' dir='ltr'>uun-nihil</span> <span class='ocrx_word' id='word_1_247' title='bbox 721 4011 760 4085; x_wconf 89' lang='lat' dir='ltr'>iu</span> <span class='ocrx_word' id='word_1_248' title='bbox 797 4009 940 4105; x_wconf 79' lang='lat' dir='ltr'>Analyli</span> <span class='ocrx_word' id='word_1_249' title='bbox 969 4012 1085 4088; x_wconf 85' lang='lat' dir='ltr'>nostra</span> <span class='ocrx_word' id='word_1_250' title='bbox 1116 4010 1241 4086; x_wconf 89' lang='lat' dir='ltr'>versati</span> <span class='ocrx_word' id='word_1_251' title='bbox 1270 4007 1314 4084; x_wconf 92' lang='lat' dir='ltr'>ad</span> <span class='ocrx_word' id='word_1_252' title='bbox 1342 4009 1496 4110; x_wconf 86' lang='lat' dir='ltr'>spartam</span> <span class='ocrx_word' id='word_1_253' title='bbox 1519 4005 1620 4081; x_wconf 89' lang='lat' dir='ltr'>illam</span> <span class='ocrx_word' id='word_1_254' title='bbox 1650 3998 1769 4082; x_wconf 83' lang='lat' dir='ltr'>Vene-</span> 
     </span>
    </p>

    <p class='ocr_par' dir='ltr' id='par_1_27' title="bbox 391 4121 1770 4223">
     <span class='ocr_line' id='line_1_28' title="bbox 391 4121 1770 4223; baseline -0.001 -27"><span class='ocrx_word' id='word_1_255' title='bbox 391 4136 469 4197; x_wconf 77' lang='lat' dir='ltr'>ram</span> <span class='ocrx_word' id='word_1_256' title='bbox 504 4125 708 4222; x_wconf 86' lang='lat' dir='ltr'>aspiraturi,</span> <span class='ocrx_word' id='word_1_257' title='bbox 733 4123 758 4200; x_wconf 78' lang='lat' dir='ltr'>fi</span> <span class='ocrx_word' id='word_1_258' title='bbox 785 4125 948 4202; x_wconf 78' lang='lat' dir='ltr'>discessus</span> <span class='ocrx_word' id='word_1_259' title='bbox 967 4123 1045 4204; x_wconf 89' lang='lat' dir='ltr'>Dui</span> <span class='ocrx_word' id='word_1_260' title='bbox 1078 4124 1356 4204; x_wconf 76' lang='lat' dir='ltr'>Heumsuur</span> <span class='ocrx_word' id='word_1_261' title='bbox 1390 4122 1598 4202; x_wconf 86' lang='lat' dir='ltr'>innotescat.</span> <span class='ocrx_word' id='word_1_262' title='bbox 1644 4121 1770 4223; x_wconf 87' lang='lat' dir='ltr'>Itaque</span> 
     </span>
    </p>

    <p class='ocr_par' dir='ltr' id='par_1_28' title="bbox 393 4237 1659 4342">
     <span class='ocr_line' id='line_1_29' title="bbox 393 4237 1659 4342; baseline 0.005 -29"><span class='ocrx_word' id='word_1_263' title='bbox 393 4237 599 4314; x_wconf 87' lang='lat' dir='ltr'>consultum</span> <span class='ocrx_word' id='word_1_264' title='bbox 623 4245 713 4327; x_wconf 85' lang='lat' dir='ltr'>erit,</span> <span class='ocrx_word' id='word_1_265' title='bbox 744 4254 786 4318; x_wconf 93' lang='lat' dir='ltr'>ut</span> <span class='ocrx_word' id='word_1_266' title='bbox 809 4254 1014 4342; x_wconf 86' lang='lat' dir='ltr'>prematur,</span> <span class='ocrx_word' id='word_1_267' title='bbox 1043 4243 1164 4320; x_wconf 89' lang='lat' dir='ltr'>donec</span> <span class='ocrx_word' id='word_1_268' title='bbox 1192 4255 1387 4341; x_wconf 87' lang='lat' dir='ltr'>praeparata</span> <span class='ocrx_word' id='word_1_269' title='bbox 1407 4241 1475 4317; x_wconf 86' lang='lat' dir='ltr'>fint</span> <span class='ocrx_word' id='word_1_270' title='bbox 1497 4237 1659 4318; x_wconf 51' lang='lat' dir='ltr'>omnia*</span> 
     </span>
    </p>

    <p class='ocr_par' dir='ltr' id='par_1_29' title="bbox 393 4347 1770 4569">
     <span class='ocr_line' id='line_1_30' title="bbox 456 4347 1770 4461; baseline 0.003 -37"><span class='ocrx_word' id='word_1_271' title='bbox 456 4347 573 4430; x_wconf 86' lang='lat' dir='ltr'>Mitto</span> <span class='ocrx_word' id='word_1_272' title='bbox 604 4355 788 4453; x_wconf 79' lang='lat' dir='ltr'>specimen</span> <span class='ocrx_word' id='word_1_273' title='bbox 816 4357 964 4437; x_wconf 90' lang='lat' dir='ltr'>Coloris</span> <span class='ocrx_word' id='word_1_274' title='bbox 985 4351 1242 4460; x_wconf 82' lang='lat' dir='ltr'>Berolinrarfis,</span> <span class='ocrx_word' id='word_1_275' title='bbox 1264 4379 1377 4461; x_wconf 91' lang='lat' dir='ltr'>quem</span> <span class='ocrx_word' id='word_1_276' title='bbox 1402 4357 1489 4438; x_wconf 92' lang='lat' dir='ltr'>Tibi</span> <span class='ocrx_word' id='word_1_277' title='bbox 1511 4377 1590 4432; x_wconf 88' lang='lat' dir='ltr'>nou</span> <span class='ocrx_word' id='word_1_278' title='bbox 1614 4353 1770 4455; x_wconf 88' lang='lat' dir='ltr'>displici-</span> 
     </span>
     <span class='ocr_line' id='line_1_31' title="bbox 393 4484 1661 4569; baseline 0.009 -24"><span class='ocrx_word' id='word_1_279' title='bbox 393 4485 517 4547; x_wconf 91' lang='lat' dir='ltr'>turum</span> <span class='ocrx_word' id='word_1_280' title='bbox 547 4484 649 4569; x_wconf 90' lang='lat' dir='ltr'>puto.</span> <span class='ocrx_word' id='word_1_281' title='bbox 1653 4541 1661 4556; x_wconf 80' lang='lat'><strong>.</strong></span> 
     </span>
    </p>

    <p class='ocr_par' dir='ltr' id='par_1_30' title="bbox 393 4584 1921 5051">
     <span class='ocr_line' id='line_1_32' title="bbox 452 4584 1833 4694; baseline 0.004 -30"><span class='ocrx_word' id='word_1_282' title='bbox 452 4584 548 4665; x_wconf 89' lang='lat' dir='ltr'>Puto</span> <span class='ocrx_word' id='word_1_283' title='bbox 572 4612 591 4662; x_wconf 88' lang='lat' dir='ltr'>a</span> <span class='ocrx_word' id='word_1_284' title='bbox 623 4613 683 4666; x_wconf 89' lang='lat' dir='ltr'>me</span> <span class='ocrx_word' id='word_1_285' title='bbox 715 4592 752 4666; x_wconf 89' lang='lat' dir='ltr'>in</span> <span class='ocrx_word' id='word_1_286' title='bbox 777 4589 958 4692; x_wconf 86' lang='lat' dir='ltr'>prioribus</span> <span class='ocrx_word' id='word_1_287' title='bbox 976 4593 1203 4672; x_wconf 80' lang='lat' dir='ltr'>festinatione</span> <span class='ocrx_word' id='word_1_288' title='bbox 1227 4609 1385 4675; x_wconf 76' lang='lat' dir='ltr'>enatum</span> <span class='ocrx_word' id='word_1_289' title='bbox 1418 4599 1513 4676; x_wconf 88' lang='lat' dir='ltr'>circa</span> <span class='ocrx_word' id='word_1_290' title='bbox 1542 4592 1771 4674; x_wconf 80' lang='lat' dir='ltr'>resistentiam</span> <span class='ocrx_word' id='word_1_291' title='bbox 1824 4675 1833 4694; x_wconf 61' lang='grc'>,</span> 
     </span>
     <span class='ocr_line' id='line_1_33' title="bbox 393 4707 1765 4815; baseline 0.002 -34"><span class='ocrx_word' id='word_1_292' title='bbox 393 4708 546 4803; x_wconf 85' lang='lat' dir='ltr'>tapetis,</span> <span class='ocrx_word' id='word_1_293' title='bbox 574 4709 613 4784; x_wconf 82' lang='lat' dir='ltr'>dc</span> <span class='ocrx_word' id='word_1_294' title='bbox 635 4707 783 4786; x_wconf 78' lang='lat' dir='ltr'>rediora</span> <span class='ocrx_word' id='word_1_295' title='bbox 805 4709 874 4785; x_wconf 87' lang='lat' dir='ltr'>elle</span> <span class='ocrx_word' id='word_1_296' title='bbox 902 4733 981 4809; x_wconf 90' lang='lat' dir='ltr'>quae</span> <span class='ocrx_word' id='word_1_297' title='bbox 1012 4711 1104 4788; x_wconf 91' lang='lat' dir='ltr'>olim</span> <span class='ocrx_word' id='word_1_298' title='bbox 1129 4711 1273 4812; x_wconf 84' lang='lat' dir='ltr'>scripfi‚</span> <span class='ocrx_word' id='word_1_299' title='bbox 1298 4721 1353 4791; x_wconf 89' lang='lat' dir='ltr'>uti</span> <span class='ocrx_word' id='word_1_300' title='bbox 1376 4711 1451 4814; x_wconf 89' lang='lat' dir='ltr'>ipse</span> <span class='ocrx_word' id='word_1_301' title='bbox 1476 4713 1594 4815; x_wconf 92' lang='lat' dir='ltr'>probe</span> <span class='ocrx_word' id='word_1_302' title='bbox 1618 4707 1765 4809; x_wconf 75' lang='lat' dir='ltr'>iudicas.</span> 
     </span>
     <span class='ocr_line' id='line_1_34' title="bbox 394 4821 1921 4932; baseline 0.005 -32"><span class='ocrx_word' id='word_1_303' title='bbox 394 4821 544 4902; x_wconf 81' lang='lat' dir='ltr'>Oblitus</span> <span class='ocrx_word' id='word_1_304' title='bbox 566 4848 663 4904; x_wconf 83' lang='lat' dir='ltr'>eram</span> <span class='ocrx_word' id='word_1_305' title='bbox 689 4825 860 4904; x_wconf 75' lang='lat' dir='ltr'>dodrinae</span> <span class='ocrx_word' id='word_1_306' title='bbox 885 4849 974 4902; x_wconf 86' lang='lat' dir='ltr'>meae</span> <span class='ocrx_word' id='word_1_307' title='bbox 1004 4830 1159 4918; x_wconf 80' lang='lat' dir='ltr'>veteris,</span> <span class='ocrx_word' id='word_1_308' title='bbox 1190 4831 1227 4907; x_wconf 82' lang='lat' dir='ltr'>dc</span> <span class='ocrx_word' id='word_1_309' title='bbox 1255 4831 1374 4910; x_wconf 86' lang='lat' dir='ltr'>nescio</span> <span class='ocrx_word' id='word_1_310' title='bbox 1391 4832 1584 4932; x_wconf 91' lang='lat' dir='ltr'>quomodo</span> <span class='ocrx_word' id='word_1_311' title='bbox 1612 4829 1678 4910; x_wconf 89' lang='lat' dir='ltr'>alia</span> <span class='ocrx_word' id='word_1_312' title='bbox 1697 4826 1772 4924; x_wconf 87' lang='lat' dir='ltr'>pla·</span> <span class='ocrx_word' id='word_1_313' title='bbox 1916 4855 1921 4858; x_wconf 90' lang='lat'>·</span> 
     </span>
     <span class='ocr_line' id='line_1_35' title="bbox 395 4943 1197 5051; baseline 0.006 -34"><span class='ocrx_word' id='word_1_314' title='bbox 395 4961 442 5020; x_wconf 84' lang='lat' dir='ltr'>ue</span> <span class='ocrx_word' id='word_1_315' title='bbox 475 4967 581 5022; x_wconf 85' lang='lat' dir='ltr'>ame</span> <span class='ocrx_word' id='word_1_316' title='bbox 603 4943 695 5025; x_wconf 74' lang='lat' dir='ltr'>dida</span> <span class='ocrx_word' id='word_1_317' title='bbox 725 4945 989 5046; x_wconf 83' lang='lat' dir='ltr'>constitutaque</span> <span class='ocrx_word' id='word_1_318' title='bbox 1014 4949 1197 5051; x_wconf 90' lang='lat' dir='ltr'>putabam.</span> 
     </span>
    </p>
   </div>
   <div class='ocr_carea' id='block_1_3' title="bbox 1141 5055 1862 5148">
    <p class='ocr_par' dir='ltr' id='par_1_31' title="bbox 1141 5055 1862 5148">
     <span class='ocr_line' id='line_1_36' title="bbox 1141 5055 1862 5148; baseline -0.008 -6"><span class='ocrx_word' id='word_1_319' title='bbox 1141 5061 1295 5148; x_wconf 67' lang='grc' dir='ltr'>ΚΜ</span> <span class='ocrx_word' id='word_1_320' title='bbox 1455 5075 1460 5088; x_wconf 86' lang='grc'><strong>’</strong></span> <span class='ocrx_word' id='word_1_321' title='bbox 1722 5055 1775 5136; x_wconf 81' lang='lat' dir='ltr'>Ut</span> <span class='ocrx_word' id='word_1_322' title='bbox 1857 5077 1862 5084; x_wconf 88' lang='lat'><em>·</em></span> 
     </span>
    </p>
   </div>
   <div class='ocr_carea' id='block_1_4' title="bbox 0 0 2747 6676">
    <p class='ocr_par' dir='ltr' id='par_1_32' title="bbox 0 0 2747 6676">
     <span class='ocr_line' id='line_1_37' title="bbox 0 0 2747 6676; baseline 0 0"><span class='ocrx_word' id='word_1_323' title='bbox 0 0 2747 6676; x_wconf 95' lang='lat' dir='ltr'> </span> 
     </span>
    </p>
   </div>
  </div>
 </body>
</html>
