5459 6684
903 763 931 834 4
1028 693 2157 828 conmanciuncnrmo'ntouu.

649 897 653 903 ’
738 895 844 992 170'0.
910 891 1057 993 quidem
1080 881 1236 967 versatur
1265 883 1302 956 in
1328 878 1530 980 deligendit
1553 881 1850 962 commodiffimis
1874 885 1921 961 ad
1955 885 2109 986 scopum
2140 901 2284 980 navium

732 1003 868 1096 Jonuar.
906 1011 1088 1094 motibus,
1117 1022 1186 1102 pro
1210 998 1411 1077 mutatione
1433 1002 1532 1075 venti
1558 1001 1596 1076 ἀ
1625 1001 1990 1091 circumstantiarum,
2020 1006 2082 1082 ubi
2115 1021 2284 1108 tanquam

903 1133 942 1206 in
976 1149 1013 1200 re
1037 1117 1206 1196 nondum
1235 1113 1488 1192 mathematice
1509 1117 1667 1203 tradate,
1700 1137 1819 1214 operae
1858 1122 2014 1216 pretium
2039 1122 2157 1198 fecisse
2184 1129 2282 1209 vide.

904 1257 992 1320 tur:
1026 1235 1087 1312 sed
1122 1233 1290 1310 doiirinae
1327 1231 1374 1306 de
1408 1232 1573 1310 lirutiura
1604 1237 1750 1310 navium
1776 1232 1945 1308 hattenus
1968 1255 2108 1315 remota
2139 1253 2281 1325 tantum

902 1354 1078 1456 principia
1104 1349 1275 1436 exhibet,
1305 1372 1375 1448 pto
1405 1351 1501 1424 bona
1528 1363 1627 1448 patte
1654 1351 1726 1444 jam
1751 1349 1975 1439 constituta,
2001 1355 2061 1427 ubi
2091 1355 2210 1434 nescio
2235 1387 2281 1440 an

901 1471 1026 1550 omnia
1053 1467 1144 1544 recle
1173 1467 1307 1544 habeat.
1364 1466 1456 1564 Agit
1481 1463 1559 1542 Lib.
1595 1491 1627 1540 1.
1671 1465 1757 1563 Cap.
1788 1485 1819 1542 1.
1855 1465 1901 1541 de
1930 1467 2117 1545 refistentia
2141 1477 2250 1553 medii
2265 1507 2278 1574 3

902 1588 991 1686 Cap.
1021 1607 1058 1664 2.
1085 1584 1130 1660 de
1160 1581 1446 1666 navisliacultate
1463 1582 1667 1681 perferendi
1693 1586 1766 1657 vim
1792 1586 1890 1658 venti
1920 1587 1961 1658 in
1981 1584 2080 1672 vela,
2108 1610 2153 1661 ne
2172 1597 2278 1672 nimia

894 1705 1037 1782 ·icilicet
1069 1701 1117 1778 ab
1144 1703 1186 1778 iis
1219 1699 1452 1787 inclinetur,
1491 1700 1555 1773 ubi
1585 1698 1630 1772 de
1660 1699 1796 1776 Cenem
1822 1703 2010 1796 gravitatis.
2044 1701 2131 1800 Cep.
2169 1729 2201 1798 3.
2233 1711 2279 1786 de

901 1819 1089 1898 resistentia
1124 1820 1221 1893 nauis
1247 1828 1373 1894 contra
1399 1815 1673 1892 inclinationem
1699 1841 1808 1916 quam
1833 1818 1886 1891 illi
1919 1817 2005 1892 dant
2023 1815 2157 1908 liutius.
2187 1822 2275 1924 Cap.

900 1965 939 2036 4.
967 1935 1133 2014 Vacuum
1159 1935 1236 2022 eii,
1264 1931 1416 2034 soloque
1438 1933 1545 2008 titulo
1576 1934 1736 2008 constat:
1768 1930 1827 2009 De
1845 1933 2066 2010 derivatione
2083 1924 2101 2034 [
2117 1933 2159 2012 de
2174 1936 2280 2016 lade-

832 2051 838 2054 ’
900 2049 1022 2161 rive]
1048 2075 1156 2154 quam
1190 2053 1238 2128 ait
1261 2073 1307 2126 ex
1334 2052 1422 2150 Cap.
1460 2075 1493 2124 1.
1522 2049 1653 2124 haberi.
1685 2049 1772 2149 Cap.
1816 2074 1848 2143 5.
1884 2051 1929 2126 de
1954 2051 2211 2138 Gubernaculo
2240 2059 2279 2132 dc

899 2172 1068 2249 stantium
1102 2169 1238 2257 Navis,
1265 2180 1306 2244 ut
1338 2167 1587 2266 gubernaculo
1611 2166 1675 2243 suo
1700 2167 1826 2242 melius
1842 2169 1996 2244 obediat.
2021 2167 2098 2244 Lib.
2130 2196 2163 2248 2.
2187 2173 2274 2274 Cap.

906 2315 938 2364 1.
974 2289 1019 2365 de
1055 2287 1241 2365 renitentia
1264 2285 1464 2370 solidorum
1482 2284 1557 2358 fere
1594 2284 1639 2358 ad
1665 2282 1886 2362 Gmnm
1913 2309 2091 2363 normam.
2121 2289 2209 2388 Cap.
2240 2315 2273 2382 3..

899 2406 946 2480 de
975 2403 1161 2482 resistentia
1188 2409 1344 2502 partium
1370 2405 1469 2478 navis
1497 2414 1623 2476 contra
1645 2425 1746 2500 aquae
1769 2405 1923 2499 pondos.
1956 2401 2033 2478 Lib.
2065 2427 2102 2489 3·-
2119 2405 2164 2480 de
2187 2405 2278 2504 figo.

895 2525 943 2596 ris
962 2528 1130 2609 navium,
1155 2522 1219 2596 ubi
1243 2521 1287 2598 de
1309 2520 1521 2596 tettionibus
1538 2517 1711 2608 Conicis;
1734 2518 1868 2594 nostras
1896 2523 1994 2593 enim
2015 2516 2146 2618 figuras
2170 2525 2277 2619 igno-

895 2641 1007 2713 ravit:
1042 2640 1185 2714 interim
1215 2637 1337 2734 paffim
1364 2639 1526 2734 loquitor
1552 2631 1599 2706 de
1620 2634 1758 2708 infinite
1790 2638 1930 2730 parvis,
1964 2635 2179 2710 &subinde
2207 2641 2278 2713 uti-

893 2767 953 2830 tur
982 2754 1133 2833 Calculo
1162 2753 1389 2850 algebraico:
1420 2753 1553 2845 dignus
1574 2748 1658 2824 ellet
1680 2749 1772 2822 libet
1796 2753 1988 2833 examine,
2019 2749 2069 2819 ob
2087 2773 2277 2843 argumen-

893 2883 921 2947 u
946 2889 1119 3056 piemon&
1151 2980 1184 3054 S.
1212 2973 1268 3052 Ex
1284 2976 1385 3053 Dno.
1408 2969 1699 3050 illauxnnm
1725 2971 1923 3061 intellexi,
1949 2971 2157 3050 Dominum
2183 2969 2277 3052 ma·

892 3113 988 3175 trem
1014 3095 1163 3184 Tuum,
1189 3091 1388 3170 editionem
1412 3089 1601 3166 solutionis
1633 3089 1722 3164 Tuae
1745 3085 1941 3165 defiderare
1965 3110 2092 3164 eorum
2125 3092 2170 3165 de
2197 3095 2276 3192 qui-

892 3216 961 3290 bus
994 3211 1097 3288 vobis
1126 3212 1349 3289 concertatio
1383 3206 1460 3284 fuit.
1538 3202 1618 3304 Ego
1651 3218 1815 3304 putaram
1843 3208 2048 3284 interventu
2072 3210 2272 3286 amicorum

894 3353 941 3406 ex
967 3329 1160 3408 Academia
1187 3326 1299 3425 Regia
1324 3327 1449 3419 omnia
1473 3319 1573 3399 soille
1594 3318 1811 3420 compotita.

949 3446 1125 3549 Diploma
1153 3439 1353 3522 Academi'ae
1381 3461 1450 3516 nec
1474 3442 1632 3538 accepi,
1662 3462 1732 3514 nec
1758 3437 1965 3538 expetiavi,
1994 3459 2082 3512 nam
2102 3440 2268 3521 hedenus

891 3587 968 3641 non
990 3566 1139 3640 memini
1162 3561 1232 3639 tale
1267 3555 1402 3658 aliquid
1427 3555 1568 3644 fanum.
1616 3555 1648 3631 A
1672 3554 1793 3630 multis
1820 3555 1921 3631 annis
1949 3551 2027 3630 sum
2046 3559 2086 3630 in
2110 3556 2271 3637 Societa·

892 3689 929 3757 te
959 3675 1077 3785 Regio
1105 3677 1329 3778 Anglicanm¹
1348 3673 1387 3782 ὃς
1406 3694 1596 3775 uunquam
1622 3669 1693 3748 tale
1719 3665 1894 3772 Diploma
1916 3668 2003 3746 vidi.

1730 3976 1952 4097 Responsio
1984 3971 2143 4070 decu,
