5459 6684
410 906 1759 1027 errsnrrrrrrnsrnourtrr,iusserim.153

352 1108 410 1175 ut
430 1093 556 1191 LM,
590 1090 657 1167 sibi
689 1098 833 1165 maneat
856 1068 1048 1171 Patulus,
1084 1102 1194 1181 quern
1212 1090 1380 1165 motum,
1413 1083 1454 1155 ni
1479 1079 1606 1179 fallor,
1636 1104 1883 1190 repen1705

350 1228 447 1291 tem
473 1233 613 1303 rocas3
644 1204 740 1282 uisus
767 1184 859 1280 mihi
884 1198 962 1275 sunt
984 1198 1141 1298 reperire
1161 1194 1254 1273 hanc
1280 1194 1414 1273 lineam
1435 1221 1452 1271 r
1470 1192 1502 1273 L
1519 1221 1541 1277 2
1560 1197 1591 1275 L
1610 1204 1659 1275 ita
1681 1197 1757 1277 des
1773 1201 1842 1297 Jul

355 1333 529 1428 criptam
556 1325 691 1425 aequari
721 1332 997 1420 aggregatum
1031 1310 1208 1393 1132ss
1244 1333 1329 1389 arcu
1355 1313 1525 1411 percurso
1550 1314 1685 1405 bans.
1724 1316 1762 1391 &

364 1470 394 1520 ιι
419 1442 462 1520 N
492 1438 582 1529 1B,
601 1440 640 1516 n
664 1462 747 1517 areu
769 1432 939 1536 percurso
961 1430 1292 1510 curvaemohilis&
1310 1452 1437 1506 omnes
1451 1428 1621 1508 adiverfis
1637 1454 1760 1531 punc·

365 1560 442 1636 etis
465 1556 648 1657 descripte
672 1553 917 1657 aequabuntur.
958 1546 1049 1626 Hec
1072 1547 1262 1625 meditanti
1295 1548 1451 1624 breviter
1481 1560 1718 1625 occurrerunt
1745 1606 1756 1635 ,

371 1674 468 1751 dum
498 1674 543 1751 ad
573 1670 747 1752 distinctas
772 1670 1032 1747 delineationes
1065 1666 1189 1742 venire
1227 1676 1473 1752 opusnest,
1508 1668 1628 1766 itaque
1660 1662 1760 1751 malo

353 1790 458 1868 ‘Tuo
487 1791 644 1866 examini
671 1812 753 1865 rem
769 1787 1015 1873 submittere,
1042 1806 1153 1884 quam
1183 1782 1317 1859 diutius
1342 1780 1614 1881 responsionem
1641 1773 1762 1865 differ-

352 1931 408 1994 :re
420 1933 434 2003 3
461 1917 581 2008 neque
604 1909 775 1984 omittam
802 1902 999 2006 aliquando
1020 1922 1105 1978 ,rem
1125 1900 1316 1977 retradare
1341 1898 1381 1976 in
1414 1891 1527 1977 Auis.

452 2014 801 2101 Snus-munio
827 2020 1079 2100 Grecosrr
1118 2018 1155 2094 dr
1191 2012 1431 2093 LnHrrrrr
1459 2014 1648 2093 arbitrium
1672 2020 1762 2099 coni
1835 2012 1839 2017 ’

347 2137 505 2216 sensisse
529 2141 721 2227 arbitror,
752 2138 861 2241 quod
888 2132 1048 2214 Abbatis
1074 2132 1327 2213 Brennum
1351 2130 1585 2211 ,nohrntatern
1621 2132 1762 2213 intelle.

360 2252 487 2329 xiffer.
519 2254 594 2332 Hic
619 2258 719 2333 enim
742 2254 864 2355 Juderr
887 2250 951 2331 sihi
977 2266 1153 2340 ceteros,
1180 2250 1282 2329 uelut
1304 2244 1552 2336 consiliarios,
1581 2246 1759 2337 adhibuit.

368 2367 413 2444 Si
440 2392 523 2444 vera
543 2370 632 2447 »sunt
652 2392 733 2471 qoae
758 2372 990 2459 referuntur,
1018 2366 1204 2470 Judicium
1229 2369 1345 2466 magis
1375 2367 1514 2445 morale
1538 2386 1658 2467 quarn
1687 2387 1762 2443 ma·

362 2482 613 2562 -thematicun
635 2486 724 2563 suit.
752 2483 970 2564 ‘Putaveram
985 2482 1058 2563 .er
1088 2482 1295 2561 Hirr-run
1316 2484 1364 2561 „id
1387 2481 1498 2585 quod
1526 2506 1546 2561 a
1575 2478 1631 2557 Te
1669 2483 1763 2565 cunr
1812 2540 1817 2555 .

371 2596 596 2697 Cycloidenr
626 2622 692 2700 per
718 2615 918 2678 curvaturas
941 2600 1031 2677 redii
1053 2598 1298 2701 prodeuntem
1331 2604 1519 2681 inuentum
1551 2609 1660 2685 erat,
1701 2596 1763 2673 dr·

359 2716 575 2795 monstrare
599 2714 760 2795 voluisse.
804 2716 861 2797 sta
882 2716 1022 2795 sortasse
1045 2714 1113 2817 ipsi
1134 2739 1195 2793 res
1220 2716 1347 2792 meiius
1371 2714 1610 2795 ,succeffissetr
1645 2713 1762 2793 aliena

364 2834 477 2909 eninr
504 2836 645 2911 inventa
678 2857 757 2911 non
788 2834 901 2911 semel
933 2834 1001 2913 suis
1029 2824 1395 2911 demonstrationibus
1431 2832 1556 2925 dedit-3
1598 2833 1761 2933 quamuis

363 2950 532 3027 nesciam
551 2974 597 3027 an
619 2950 904 3051 semperrettis.
951 2950 1022 3030 Sed
1046 2974 1133 3028 oum
1162 2949 1297 3053 aliquid
1322 2951 1449 3049 perse
1483 2948 1612 3049 assequi
1643 2949 1760 3027 voluit

371 3063 480 3165 super
509 3065 702 3163 hnalpseos
726 3070 883 3166 proprie
909 3082 1086 3167 captum,
1111 3089 1196 3143 non
1226 3067 1339 3144 miror
1355 3064 1388 3142 u
1416 3064 1623 3167 songiffinre
1656 3088 1675 3141 a
1699 3062 1758 3165 J

270 3186 280 3210 ²
372 3204 444 3257 nna
469 3180 657 3257 aberrarit:
685 3180 875 3284 Speroque
894 3182 1035 3261 Duum.
1070 3180 1397 3261 Hunnsuuun
1427 3206 1506 3263 non
1538 3196 1678 3261 tantum
1693 3204 1758 3260 ve·

271 3308 285 3410 ¹J
367 3321 453 3375 ram
483 3297 714 3375 Solutionenr
736 3298 782 3377 ad
807 3292 906 3377 Asia
927 3296 1076 3390 misrsse,
1104 3300 1165 3378 sed
1188 3303 1297 3379 etiarn
1321 3301 1367 3378 de
1390 3302 1473 3383 salsa
1504 3296 1754 3421 admonuisse,

270 3412 280 3437 “
374 3426 417 3490 ut
442 3410 510 3490 [ι
536 3412 718 3493 Hirrus
745 3440 904 3495 errorem
926 3418 1030 3496 suurn
1056 3411 1297 3523 agnoscat(
1306 3408 1338 3523 ).

428 3528 623 3626 Quoniam
652 3530 997 3612 erurnunrus
1019 3532 1170 3611 Parisrni
1195 3534 1396 3613 Calendarii
1424 3556 1595 3619 annuus
1590 3526 1761 3611 calenti:

272 3645 273 3730 s
373 3658 434 3724 tor
463 3669 543 3723 rem
566 3672 645 3725 non
673 3651 765 3728 bene
792 3650 965 3735 assecutus
998 3650 1083 3741 est,
1120 3650 1265 3729 sortasse
1296 3674 1371 3730 nec
1402 3648 1553 3728 Tabulae
1587 3639 1762 3729 Hirr'anae

375 3763 466 3841 adeo
491 3766 619 3845 exasiae
648 3766 730 3846 sunt
752 3791 866 3871 quam
883 3767 1107 3863 creduntur3
1138 3792 1196 3847 ras
1216 3770 1319 3845 enim
1348 3768 1515 3847 secutum
1538 3776 1641 3865 putu.
1668 3763 1762 3841 Nul-

373 3880 424 3959 las
450 3882 529 3969 ¹uuit
557 3878 749 3961 admittere
783 3877 1002 3986 hypotheses
1034 3884 1246 3976 Hirrus,
1275 3886 1314 3962 &
1350 3907 1398 3963 err
1424 3884 1507 3962 solis
1532 3879 1765 3962 Observatio-

371 4001 477 4075 nibus
493 4003 652 4079 construi
666 4000 845 4095 Tabulas3
863 4000 923 4078 sed
950 4026 1022 4104 ego
1043 4017 1209 4104 putarem
1233 4001 1338 4080 srmul
1367 3999 1604 4101 cogitandum
1631 3996 1676 4073 de
1695 3996 1763 4097 hy·

374 4112 581 4211 pothesibus
610 4116 859 4215 perficiendis,
883 4143 955 4219 ope
987 4120 1288 4196 observationum.
1324 4116 1421 4195 Puto
1446 4136 1530 4191 eum
1556 4116 1595 4189 in
1616 4110 1767 4191 Tabulis

378 4225 576 4304 condendis
598 4244 741 4325 tantum
770 4233 993 4310 continuasse
1015 4257 1094 4331 quaa
1116 4257 1135 4309 a
1162 4232 1283 4308 multis
1308 4233 1410 4309 annis
1434 4234 1474 4305 in
1501 4222 1659 4306 Parisino
1679 4226 1767 4307 Ob·
1860 4242 1867 4247 ·

376 4341 569 4420 servatorio
595 4358 720 4423 notata
744 4348 851 4424 sunt:
885 4348 946 4423 sed
981 4346 1060 4424 haec
1090 4346 1308 4437 methodus,
1337 4344 1401 4425 etsi
1430 4345 1554 4434 utilis,
1583 4340 1764 4433 non-niti

376 4461 413 4535 in
434 4481 577 4559 paucos
607 4484 723 4539 annos
743 4460 912 4566 prodesse
933 4464 1062 4564 potest

459 4572 826 4669 Furnrrnrus,
860 4581 976 4660 homo
1015 4582 1125 4682 paulo
1159 4578 1369 4670 morohor
1399 4578 1665 4659 Nervrouo
1699 4578 1766 4659 ob-

373 4682 589 4773 servationes
614 4696 690 4775 suas
719 4716 936 4797 negaverat,
955 4712 1142 4776 tuncrum
1164 4700 1194 4775 is
1214 4697 1261 4775 de
1284 4694 1765 4799 pertnendahunaeTheo.
1863 4694 1866 4703 '

376 4812 426 4887 ria
459 4816 653 4912 cogitaret:
683 4812 938 4906 finovissem,
970 4814 1245 4917 suppeditaffem
1279 4808 1503 4895 Isirchioncu
1531 4816 1640 4892 etiarn
1683 4813 1764 4889 dili-

467 4919 563 5013 Tam
601 4925 630 5006 I
631 4926 660 5010 I
1205 4928 1243 5010 V
1633 4942 1765 5027 genter

425 5068 485 5164 (Ι)
510 5074 693 5170 Disqrnfitn
725 5084 773 5151 Dr
758 5086 892 5176 roptrica
909 5078 948 5157 de
964 5096 1139 5151 nuaram
1159 5074 1324 5150 radiorum
1336 5074 1415 5166 uifiv
1416 5096 1506 5150 omen
1521 5064 1764 5167 Atmospharam

370 5166 596 5258 strationem
602 5172 681 5292 &c
695 5182 775 5253 Aru.
796 5180 830 5275 J.
847 5182 1174 5265 Hernnrnno
1199 5178 1269 5259 A&
1288 5174 1387 5256 uncas
1406 5182 1511 5269 1706
1526 5170 1661 5269 Junp.
1679 5171 1760 5257 256.
1873 5176 1890 5207 ··
