5459 6684
906 777 953 842 η
1040 829 1044 838 ,
1118 746 1581 842 tuM-launoium
1640 745 2158 830 ertrroltcum·
2269 691 2273 697 ¹

730 945 832 1018 1702
943 988 946 996 ,
982 900 1098 1000 Quod
1133 900 1178 979 ad
1208 893 1412 976 Calendarii
1442 888 1761 970 Reformationem
1799 894 1960 990 attinet3
1991 911 2083 998 puto
2114 925 2192 980 non
2225 909 2302 990 elle

724 1029 830 1121 lpril.
903 1020 1132 1102 necell'arium
1161 1027 1202 1092 ut
1231 1009 1373 1112 Cyclos
1403 1031 1521 1086 noros
1555 1009 1771 1098 moliamur,
1801 1021 1912 1089 auta
1937 1007 2159 1117 Gregoriano
2190 1049 2301 1104 cour.=

906 1154 998 1243 puto
1023 1134 1164 1238 prorsus
1189 1126 1428 1221 discedamus3
1459 1149 1607 1203 cumea
1639 1149 1722 1228 quae
1741 1127 1877 1228 placuit
1904 1125 2109 1212 Ratisbonae
2134 1139 2299 1220 colletiie·

906 1252 1207 1350 Evangelicorurn
1234 1244 1382 1346 Imperii
1410 1244 1571 1320 statuum.
1586 1241 1733 1342 Lagaria
1752 1269 1835 1321 raro
1856 1270 1876 1322 a
1903 1240 2132 1352 Gregoriana
2152 1261 2296 1336 ratione

906 1373 948 1449 fit
978 1372 1143 1456 abitura,
1173 1363 1232 1442 ted
1258 1363 1332 1442 huc
1358 1377 1499 1440 tantum
1528 1361 1725 1446 tendebam·
1750 1363 1788 1438 iu
1819 1358 1966 1441 Litteris
1992 1366 2037 1443 ad
2065 1367 2306 1452 Academiam

906 1487 1058 1586 Regiam
1083 1485 1199 1559 meis:
1224 1478 1251 1556 fi
1278 1479 1446 1560 Consiliis
1472 1476 1564 1556 Dni.
1596 1477 1819 1566 Cassrur,
1852 1479 2078 1582 aliorumque
2100 1487 2305 1588 iniignium:

907 1601 1109 1682 Academiae
1142 1598 1444 1677 Astronomorum
1476 1597 1714 1686 obtineatur,
1759 1608 1800 1672 ut
1829 1593 2005 1678 Pontifex·
2037 1597 2222 1684 Romanus
2257 1611 2308 1683 int

907 1733 1093 1821 computo·
1121 1721 1193 1815 jam
1212 1728 1361 1815 recepto
1391 1713 1556 1814 quaedam
1580 1713 1738 1814 explicet
1766 1715 1806 1789 in
1833 1716 1987 1806 melius,
2013 1714 2116 1796 Bulla
2140 1725 2308 1822 quadama
2451 1770 2458 1780 ·

907 1838 1143 1918 declaratoria
1170 1830 1312 1914 furtaise
1352 1831 1535 1920 edenda,
1576 1855 1688 1932 eaque
1725 1829 1771 1908 de
1800 1847 2007 1912 remutare
2046 1841 2310 1915 commolitis<

907 1956 1230 2038 communicetur,
1261 1946 1361 2050 polle
1386 1947 1527 2025 fortalie
1551 1949 1717 2047 plenum·
1733 1951 1917 2052 utriusque
1948 1955 2056 2052 partis
2084 1953 2305 2032 consensum

907 2073 1089 2159 obtineri,
1117 2073 1159 2149 dc
1177 2065 1259 2146 sane
1287 2070 1364 2162 [ut
1385 2066 1460 2144 lroc
1483 2065 1570 2144 Tibi
1596 2067 1758 2165 eiusdem
1784 2067 1986 2150 Academiae
2013 2094 2307 2150 mecummeme

906 2191 1009 2280 bro,
1047 2191 1247 2266 inaurem
1271 2185 1428 2283 dicam]
1467 2188 1539 2284 jam
1573 2183 1682 2265 Dnus
1718 2185 1951 2266 Cnssruus
1989 2184 2306 2266 consultationem

907 2306 1090 2410 quandam
1121 2306 1194 2384 huc
1222 2304 1421 2381 facientem
1448 2298 1600 2379 Romam
1636 2301 1738 2382 milit
1784 2303 1909 2405 ltaque
1936 2329 2057 2405 rogo,
2085 2320 2127 2384 ut
2157 2306 2174 2400 [
2202 2304 2299 2382 diffie

904 2426 1038 2503 nru'lata
1069 2435 1209 2500 tanuen
1224 2421 1292 2500 hac
1326 2420 1489 2517 notitia]
1529 2418 1620 2498 Duo
1643 2419 1981 2500 Vnurouortro
2005 2422 2161 2510 scribas,
2190 2422 2298 2498 intei-

903 2539 1027 2617 luxilie
1052 2539 1107 2616 Te
1138 2565 1165 2618 a
1184 2559 1269 2627 me,
1299 2535 1403 2638 polle
1433 2561 1509 2637 ope
1533 2535 1738 2625 Academiae
1764 2538 1968 2638 plurimum
1986 2539 2144 2619 conferri
2159 2539 2204 2617 ad
2221 2563 2313 2638 per·-

901 2653 1093 2735 ficiendam
1121 2653 1314 2754 utriusque·
1332 2651 1543 2730 calendarii:
1563 2651 1822 2744 harmoniam,
1851 2653 1878 2731 n
1907 2653 2007 2734 suasu
2029 2660 2114 2755 ejuo
2132 2659 2188 2733 ab·
2209 2656 2310 2734 nuta.

903 2773 1067 2853 Romana
1094 2770 1195 2851 Bulla
1221 2771 1455 2848 declaratoria
1478 2771 1645 2856 obtineri·
1659 2769 1798 2868 pofflt,
1813 2770 2029 2870 inprimisfi
2057 2774 2172 2848 dere·
2199 2775 2303 2868 priua

904 2915 999 2970 cum·
1025 2889 1296 2966 Mathematicie
1338 2883 1556 2981 quibusdam
1598 2882 1879 2968 Protestantibus
1913 2909 1980 2981 per
2013 2883 2301 2962 Mathematicus·

905 3005 1109 3081 Academiae
1137 2999 1448 3075 communicetur..
1486 2993 1715 3094 Rogabilque
1736 2997 1839 3073 Amul
1864 2997 2002 3074 Diuum.
2036 2997 2304 3076 variano.

907 3141 960 3194 ur
979 3141 1063 3204 um,
1095 3137 1187 3193 meo
1208 3115 1359 3190 nomine
1379 3169 1398 3200 ,.
1424 3119 1471 3188 ut
1496 3124 1660 3188 caveatur
1688 3137 1734 3189 ne
1768 3111 1807 3189 id
1837 3112 2027 3191 confilium
2063 3128 2208 3191 emanet
2241 3118 2303 3192 in·-

909 3234 1117 3335 tempestive
1137 3281 1156 3331 ,-
1186 3233 1225 3309 da
1251 3231 1301 3311 ab.
1326 3253 1382 3308 eo-
1399 3251 1556 3330 quares,
1581 3231 1732 3307 nornine
1760 3227 1879 3322 Tuo,
1916 3230 2100 3337 quidnam·
2123 3245 2225 3333 putet
2253 3257 2304 3310 ea<

909 3355 948 3429 iu
975 3375 1013 3428 re
1033 3347 1240 3428 commode
1271 3347 1347 3426 lieri
1376 3339 1500 3446 polle,
1529 3359 1598 3424 aut.
1611 3364 1771 3450 quanam
1796 3351 1835 3424 in
1865 3373 1904 3426 re
1932 3341 2176 3451 Gregorianos
2192 3373 2304 3428 com·
2340 3409 2343 3414 .

800 3498 801 3502 ¹
911 3481 1023 3569 putos
1060 3469 1250 3568 temperari
1285 3463 1385 3566 polle
1407 3463 1616 3542 arbitretur,
1671 3465 1788 3562 Quod
1821 3467 1872 3543 ab*
1890 3490 1936 3543 eo
1967 3467 2177 3566 intelliges,
2206 3467 2305 3545 mihi.-

896 3601 955 3663 -ut
975 3599 1114 3664 mature
1135 3583 1312 3685 fignifices
1334 3593 1433 3685 peto.

973 3699 1157 3781 Ordinurn
1181 3703 1329 3800 Imperii
1351 3697 1654 3799 Evangelicorum
1678 3702 1831 3777 nomine
1851 3697 2028 3800 scriptum
2055 3699 2105 3776 est
2130 3694 2296 3778 Ratisboa

914 3839 964 3894 ua
995 3821 1104 3896 etiam
1133 3819 1179 3896 ad
1208 3812 1389 3920 federati
1420 3809 1541 3922 Belgii
1583 3815 1742 3897 Ordines
1777 3813 2000 3905 Generales,
2039 3820 2305 3920 petitumque,

914 3948 957 4013 ut
978 3935 1091 4012 velint
1118 3937 1328 4014 communia
1353 3933 1501 4014 consilia
1522 3933 1630 4036 sequi
1662 3935 1810 4036 Nempe
1840 3927 2043 4010 Ratisbanae
2071 3935 2226 4034 placuit,
2256 3944 2300 4009 ut

789 4125 795 4134 .
916 4057 1039 4130 omnia
1067 4053 1112 4131 ad
1148 4057 1333 4132 veritatem
1371 4052 1661 4132 Astronomi'cam
1699 4045 1938 4133 &Nicanor
1973 4050 2140 4130 Canoues
2167 4051 2300 4129 consti·-

915 4182 1081 4250 tuantur:
1129 4169 1182 4250 Ita
1205 4195 1284 4248 raro
1311 4193 1331 4247 a
1356 4166 1592 4272 Gregorianis
1617 4168 1845 4253 diffeutietur.
1867 4261 1872 4272 ι
1895 4166 2066 4269 Suspicor
2099 4167 2155 4246 Te
2186 4194 2206 4246 a
2229 4172 2308 4247 tuie

920 4281 1218 4394 Groningeafibus
1246 4289 1282 4365 tc
1310 4280 1605 4365 Vouuunuru
1626 4289 1804 4368 nostrum
1825 4287 1870 4366 ab
1895 4277 2085 4364 Hailandir
2116 4288 2185 4364 suis
2209 4309 2303 4362 con·

772 4453 777 4460 ·
915 4404 1048 4481 fiulturn
1074 4409 1118 4478 iri
1130 4431 1148 4496 i
1167 4405 1257 4504 quid
1286 4403 1580 4502 respondendum
1610 4428 1676 4480 vor
1709 4406 1890 4482 videritis:
1921 4419 2067 4501 gratum
2091 4421 2213 4477 tamen
2235 4397 2302 4472 erit

917 4516 1008 4596 milri
1031 4530 1168 4594 mature
1191 4517 1393 4617 intelligere
1420 4519 1632 4594 sententiam
1657 4519 1824 4593 vestram..
1877 4516 1971 4606 Quae
2003 4515 2088 4591 Tibi
2119 4513 2237 4589 scribo
2256 4509 2304 4586 de

918 4629 1189 4733 loenegotio,
1217 4639 1340 4712 omnia
1365 4654 1451 4712 cum
1476 4629 1647 4708 Domino
1670 4627 1916 4706 Vornuuo
1942 4629 2215 4705 communicare
2241 4651 2312 4729 po·

918 4765 998 4840 tes,
1029 4771 1185 4852 excepto
1223 4747 1324 4852 quod
1358 4749 1403 4823 de
1430 4746 1692 4823 consultatione
1719 4748 1830 4844 joma
1856 4743 1957 4825 Dno.
1992 4739 2025 4822 C
2033 4767 2207 4824 usu-ruo
2235 4739 2304 4824 Ra·

917 4893 1012 4948 mam
1037 4865 1135 4948 milla
1163 4869 1270 4961 dixi,
1291 4865 1354 4942 sed·
1377 4861 1638 4954 admonendo,
1654 4873 1700 4942 ut
1721 4859 1785 4940 libi
1811 4866 1943 4959 ierret;
1957 4862 2082 4942 nolim
2099 4870 2198 4942 enim
2211 4888 2301 4941 con-

1965 5009 1972 5020 ·
2114 5007 2128 5062 ,·
2173 4979 2299 5058 tilium
