5459 6684
976 835 1051 908 244
1173 813 1653 898 COMMERCIUM
1696 813 2206 888 aristonicum.

975 961 1037 1039 sed
1065 962 1103 1036 dr
1125 961 1200 1036 adu
1221 956 1311 1058 ipso.
1361 951 1491 1032 Habeo
1519 959 1617 1033 enim
1652 953 1899 1040 elaboratam,
1936 950 1999 1030 etsr
2038 955 2082 1032 ab
2113 925 2249 1030 aitlfice
2279 980 2373 1039 non
2490 931 2491 936 Ν

824 1099 841 1140 e
883 1127 893 1143 ·
976 1083 1148 1180 optimo,
1183 1071 1280 1152 unde
1300 1069 1339 1147 id
1367 1093 1438 1168 ago
1461 1084 1504 1148 ut
1531 1073 1686 1172 perinde
1709 1069 1924 1148 elaboretur.

1032 1191 1184 1274 Canulei
1211 1183 1453 1268 lierolinensrs¹
1481 1188 1617 1266 curabo
1649 1186 1787 1286 aliquid
1816 1186 1863 1264 ad
1893 1199 1933 1262 te
1960 1184 2162 1298 transmitti.
2214 1189 2374 1276 Notitia¹

975 1312 1055 1388 data
1080 1310 1130 1384 est
1151 1321 1196 1380 τε
1218 1308 1290 1392 ὅτι,
1322 1301 1384 1379 sed
1416 1316 1494 1381 non
1520 1309 1569 1378 aa*
1592 1306 1671 1379 tn‘u
1686 1329 1698 1396 3
1729 1327 1845 1404 neque
1886 1305 2055 1380 enimin
2093 1328 2179 1382 meo
2210 1310 2368 1393 arbitrio
2482 1356 2485 1367 ·

974 1427 1024 1502 est
1049 1441 1268 1523 extorquere
1295 1422 1340 1497 ab
1364 1406 1711 1521 hominiumque
1736 1421 1789 1497 illi
1808 1433 1980 1522 tanquam
2008 1441 2137 1499 arcana
2161 1426 2368 1512 vindicant.

975 1542 1037 1619 sed
1069 1545 1103 1620 de
1130 1540 1250 1618 lconis
1278 1538 1490 1616 meminero.

1027 1657 1109 1756 Ego
1138 1674 1287 1757 quoque
1312 1653 1610 1732 Vrnnnnonr
1638 1653 1803 1732 libellum
1828 1676 1908 1733 non
1930 1653 2179 1754 magnifacio,
2212 1663 2250 1736 in
2283 1689 2361 1766 quo

976 1801 1048 1854 nec
1084 1775 1250 1853 umbram
1287 1771 1602 1850 demonstrationis
1642 1773 1803 1850 invenire
1839 1774 1955 1870 potui.
2010 1769 2057 1849 Et
2100 1778 2248 1856 miratus
2283 1779 2302 1856 s
2354 1813 2355 1816 Ν

976 1891 1106 1970 Dnum
1132 1888 1560 1977 Fournunruasr,
1586 1889 1664 1966 istas
1697 1888 1769 1965 elle·
1796 1887 1962 1989 aliquid,
1991 1888 2156 1988 putare,
2192 1919 2310 1995 nugas
2488 1977 2489 1998 Ν

1037 2008 1104 2086 Per
1136 2006 1358 2084 Sauarrrr
1386 2004 1572 2104 Phyficam
1598 2005 1834 2106 posthumam
1857 2005 2022 2082 intellexi
2048 2013 2360 2094 continuationem
2488 2007 2489 2012 ‘

979 2123 1113 2226 Operis
1137 2119 1278 2225 Physsci
1303 2125 1450 2220 majoris
1477 2115 1578 2228 (r),
1611 2124 1715 2224 quod
1740 2123 1878 2220 coepit,
1906 2121 1969 2198 fed
2003 2125 2103 2224 quod
2135 2143 2250 2204 morte
2278 2137 2360 2227 ejus

976 2247 1173 2344 abruptum
1199 2239 1277 2316 fait.
1323 2239 1434 2318 Aiunt
1463 2254 1587 2318 tamen
1619 2243 1659 2314 in
1694 2237 1846 2318 Schedia
1870 2255 2048 2338 repertum
2085 2237 2151 2315 elle
2181 2242 2229 2316 tic
2269 2246 2351 2322 satis

976 2374 1223 2462 promotum,
1257 2365 1363 2456 atquc
1392 2355 1483 2433 adro
1524 2356 1677 2454 dignum
1704 2354 1790 2432 ellet
1826 2367 1867 2430 ut
1895 2353 2044 2441 edatur,
2079 2360 2162 2455 quia
2192 2357 2349 2459 diligens

980 2491 1078 2552 certe
1109 2473 1158 2550 est
1192 2475 1230 2548 in
1262 2473 1542 2570 colligendis&
1575 2471 1812 2570 dijudicandis
1851 2473 1891 2570 jis
1920 2493 1997 2570 quae
2028 2471 2246 2572 profundam
2282 2501 2363 2552 me-

981 2590 1197 2670 ditationem
1230 2613 1309 2666 non
1343 2589 1541 2688 postulant,
1980 2671 1984 2682 ,

1026 2707 1268 2809 Optandum,
1303 2703 1383 2792 est,
1412 2719 1454 2782 ut
1476 2703 1555 2780 Tua
1584 2700 1632 2778 ad
1659 2687 1951 2782 Newtonianum
1982 2697 2090 2804 Opus
2115 2707 2261 2784 monita
2289 2705 2360 2784 col·

978 2827 1140 2926 ligantur
1164 2825 1202 2898 in
1228 2843 1369 2907 unum,
1394 2822 1432 2896 de
1461 2818 1527 2920 ipsi
1560 2819 1615 2895 illi
1643 2841 1794 2916 egregio
1830 2819 1923 2896 Viro
1951 2823 2117 2920 privatim
2145 2825 2356 2911 mittantur,

977 2941 1038 3016 nel
1065 2939 1114 3014 ad
1144 2936 1367 3014 emendanda
1403 2937 1462 3014 vel
1487 2934 1535 3012 ad
1560 2935 1772 3036 explicanda
1800 2935 1869 3014 fua.
1915 2933 2033 3030 Quod
2064 2935 2108 3012 ad
2133 2937 2356 3016 refistentiam

980 3057 1109 3132 attinet
1140 3078 1187 3129 ex
1222 3053 1363 3130 defestu
1388 3054 1600 3130 lubricitatis
1627 3065 1771 3139 ortam,
1804 3051 1959 3153 seposito
1989 3052 2104 3130 fluido
2134 3111 2146 3142 ,
2180 3059 2350 3154 concipia-

979 3193 1062 3246 mus
1085 3169 1279 3270 globulum
1309 3174 1347 3246 in
1386 3181 1508 3268 tapete
1532 3169 1655 3270 aliquo
1682 3169 1776 3244 ferri
1833 3167 1936 3247 Patet
1961 3169 2096 3247 antillas
2134 3174 2173 3246 in
2201 3173 2352 3272 -globulo

979 3289 1073 3364 uires
1101 3285 1169 3364 esse
1200 3284 1414 3365 aestinrandas
1451 3309 1607 3362 numero
1642 3287 1862 3382 exiguorum
1902 3285 2063 3386 pilorum
2090 3285 2349 3376 elasticorum,

981 3428 1075 3506 quos
1105 3403 1244 3482 dedere
1269 3403 1423 3501 globum
1452 3414 1657 3500 oporteat}
1691 3402 1800 3480 dudo
1826 3405 1864 3478 ira
1896 3405 1968 3478 vim
1996 3405 2194 3504 unicuique
2228 3407 2354 3484 horum

979 3523 1141 3622 pilorum
1164 3519 1371 3619 impensam.
1404 3515 1521 3618 quue
1551 3518 1707 3618 pendere
1740 3543 1760 3594 a
1790 3513 2020 3616 longitudine
2047 3523 2203 3609 itineris,
2234 3527 2352 3621 itaque

977 3638 1178 3716 celeritates
1207 3633 1336 3716 amissae
1363 3635 1445 3712 sunt
1468 3633 1757 3734 longitudinibus
1781 3633 1955 3734 percurlis
1974 3639 2264 3738 proportionales.
2296 3637 2352 3714 Sit

978 3755 1149 3832 velocitas
1173 3756 1314 3850 integra
1343 3776 1398 3855 g,
1428 3750 1565 3829 rendra
1590 3775 1649 3838 o,
1682 3753 1750 3826 erit
1774 3751 1891 3830 anrilia
1917 3777 2069 3856 g--v
2083 3781 2095 3848 3
2127 3755 2169 3830 fir
2192 3755 2353 3854 longitu-

957 3873 1027 3953 ,do
1054 3871 1218 3972 percursa
1244 3865 1283 3961 l,
1312 3885 1419 3947 erunt
1444 3893 1608 3970 g-o,
1639 3881 1680 3945 ut
1702 3865 1736 3960 l;
1774 3863 2073 3967 ergo-dvut
2099 3869 2171 3967 dl;
2200 3871 2259 3948 led
2285 3871 2350 3964 dt,

977 3989 1060 4065 lunt
1089 4001 1130 4064 ut
1160 3983 1285 4076 vdt,
1329 4009 1417 4085 ergo
1453 3980 1722 4064 fi't--dvut
1759 3985 1897 4072 odt,
1941 3985 1999 4060 seu
2040 3985 2238 4088 aqualibus
2262 3981 2355 4064 ¹surrr-

974 4109 1021 4207 tis
1047 4118 1260 4204 temporum
1280 4103 1491 4192 elementis,
1512 4101 1604 4178 'sunt
1623 4102 1883 4178 diminutiones
1906 4102 2141 4180 velocitatem
2165 4109 2204 4182 in
2231 4110 2351 4216 quovis

975 4210 1168 4300 momento
1201 4212 1449 4298 velocitatibus
1478 4218 1559 4318 iplis
1584 4219 1887 4319 proportionales.
1947 4215 2050 4296 idem
2084 4221 2184 4298 estsr
2213 4225 2350 4321 globo,

977 4343 1039 4438 qui
1072 4341 1110 4413 in
1139 4338 1263 4416 medio
1295 4337 1430 4426 femur,
1461 4335 1591 4412 tribuas
1622 4336 1886 4436 asperitatem,
1926 4359 2010 4412 nam
2050 4329 2253 4438 asperitates
2276 4338 2353 4416 lunt

977 4447 1136 4530 colliculi
1161 4455 1315 4541 elastici,
1346 4458 1409 4554 qui
1450 4449 1610 4529 radendo
1638 4441 1800 4527 medium
1825 4448 2011 4530 non-nihil
2035 4455 2286 4555 deprimuntur
2318 4457 2353 4532 de

976 4570 1184 4665 resurgunt..
1223 4569 1316 4647 Etsi
1345 4569 1458 4647 fluido
1492 4569 1720 4646 tenacitatem
1752 4568 1909 4668 aliquam
1948 4573 2103 4660 tribuas,
2138 4597 2193 4648 res
2224 4571 2352 4650 eodem

976 4680 1096 4768 redit,
1138 4685 1284 4785 concipi
1314 4692 1411 4764 enirn
1445 4677 1607 4785 potest,
1654 4687 1795 4786 quoties
1828 4687 1964 4762 mobile
2002 4712 2024 4763 a
2050 4690 2216 4766 contatlu
2247 4693 2355 4790 partis

975 4798 1078 4879 fluidi
1102 4797 1135 4877 se
1160 4800 1312 4889 liberat,
1339 4806 1446 4884 toties
1468 4805 1680 4906 abrumpere
1703 4801 1759 4879 fila
1792 4789 1944 4891 viscosa,
1971 4805 2099 4904 quibus
2125 4809 2350 4884 retinebatur.

2239 4919 2350 5002 Porro

1057 5059 1117 5154 (1)
1147 5063 1215 5140 Vid.
1241 5064 1327 5159 oppa
1348 5080 1444 5154 pram
1620 5053 1624 5064 ’
1777 5047 1799 5100 χ
