5459 6684
904 735 955 794 qo
1053 714 1597 800 COM'MIRCIUM
1647 707 2201 793 orl-troncoso

735 893 841 968 1700.
906 863 1202 962 reciprocationis
1238 862 1274 931 in
1306 855 1397 930 tubo
1428 852 1695 952 descendebat3
1732 875 1819 934 cum
1850 877 1949 936 ‘vero‘
1977 860 2108 963 reliqui
2135 866 2295 965 ejusdem

723 967 858 1046 'octobr
909 982 1095 1060 Societatir
1123 973 1234 1060 Viri,
1264 971 1396 1072 quibus
1422 969 1483 1048 ille
1518 973 1787 1074 inexpedatuna
1814 967 2092 1056 Phaenomenou
2123 984 2298 1060 monstra-

911 1113 1048 1183 verat,
1084 1090 1216 1188 singuli
1241 1087 1336 1164 idem
1375 1091 1413 1165 in
1446 1087 1516 1169 suis
1542 1088 1770 1169 Rarometria.
1791 1104 1929 1170 tentare
1959 1097 2121 1185 vellent,
2160 1104 2296 1176 nemini

915 1217 1006 1292 recle
1040 1203 1233 1285 successisse
1259 1203 1416 1301 diuitum
1443 1207 1564 1284 donec
1586 1209 1730 1307 postea,
1756 1231 1802 1283 ex
1822 1211 1945 1286 multis
1960 1208 2198 1302 Barometris,
2217 1238 2296 1313 quae

917 1339 1050 1406 tentata
1076 1325 1236 1411 fuerant,
1265 1325 1414 1400 unicum
1436 1322 1544 1400 suerit
1567 1339 1771 1423 repertum,
1799 1326 1902 1423 quod
1935 1331 2044 1404 etiam
2070 1331 2222 1431 aliquod
2241 1332 2298 1407 lu·

897 1467 1023 1531 -men,
1050 1441 1110 1518 sed
1140 1440 1253 1538 longe
1276 1441 1428 1518 debilius
1451 1464 1561 1542 quam
1581 1436 1834 1518 *Picardinum
1861 1441 2029 1519 uibrabat
2092 1443 2200 1525 Hisce
2223 1447 2297 1526 lec·

896 1562 980 1652 ftis,
1019 1583 1141 1636 meum
1170 1556 1445 1648 Barometrum‚
1476 1559 1580 1657 quod
1610 1557 1691 1634 usui·
1717 1558 1902 1636 ordinario
1938 1559 2170 1650 inserviebat,
2208 1587 2308 1640 eon·-

896 1677 1035 1755 -sestim
1067 1679 1230 1777 arripio,
1269 1699 1488 1775 mecumque
1515 1683 1638 1775 porto·
1658 1677 1697 1750 in
1729 1679 1929 1766 tenebras,
1963 1691 2163 1757 tentaturus
2208 1705 2299 1758 num

872 1820 1028 1899 „quam
1068 1795 1188 1870 lucem
1221 1796 1265 1868 in
1293 1793 1358 1868 illo
1393 1793 1649 1869 observarem:
1684 1792 1746 1868 sed
1773 1798 1889 1895 prima
1920 1798 2116 1893 agitatione
2149 1795 2304 1886 fruſtra„

919 1913 1023 1992 dein·
1040 1905 1289 1986 violentissime
1313 1913 1508 2007 agitabam,
1544 1913 1583 1985 in
1610 1911 1779 2009 quolibet
1811 1911 1980 1988 descensu
2007 1915 2200 2000 mercurii,
2225 1917 2305 2010 jam·

795 2035 801 2046 '
918 2032 991 2126 iam
1017 2031 1148 2104 iterum
1173 2025 1369 2116 ascensuri,
1399 2027 1561 2103 luculam
1589 2027 1782 2128 aliquam,
1823 2029 1882 2106 sed
1908 2054 2081 2133 perquam
2110 2029 2306 2107 obscuram

920 2142 1043 2222 emifit.
1112 2141 1191 2220 Hac
1214 2141 1318 2242 super
1341 2167 1384 2221 re·
1408 2143 1578 2220 meditare
1603 2146 1769 2244 incoepi,
1795 2148 1833 2224 de
1856 2148 2001 2224 taudem
2033 2148 2125 2224 mihi
2156 2146 2307 2223 videbe

879 2260 880 2268 '
920 2275 1000 2350 tur,
1036 2259 1234 2338 secundum
1262 2261 1497 2339 ratiocinium·
1522 2285 1670 2351 meum,
1696 2263 1825 2340 lucem·
1851 2264 1955 2341 illam·
1975 2267 2012 2340 in
2040 2264 2210 2342 omnibus
2235 2261 2309 2340 Ba·
2431 2336 2438 2351 ,

900 2382 1087 2456 ‘rometris
1115 2399 1284 2477 apparere
1324 2377 1491 2466 debere,
1534 2375 1560 2451 ll
1592 2377 1824 2456 conficiendo
1857 2379 2071 2457 Barometro
2110 2381 2189 2455 tubi
2228 2380 2306 2454 alio-

904 2509 1031 2593 'quam
1064 2495 1247 2572 ordinario
1283 2483 1398 2571 modo
1432 2493 1690 2590 implerentur,
1726 2517 1802 2589 quo
1827 2497 2071 2593 impediatur,
2108 2492 2302 2593 oesupre·

921 2628 980 2684 ma
1014 2609 1215 2706 superficies
1251 2611 1420 2684 mercurii
1453 2609 1492 2680 in
1521 2607 1614 2680 tubo
1647 2607 1882 2707 cooperiatur
1905 2607 2074 2710 pellicula
2109 2609 2268 2708 quadam·
2287 2665 2306 2695 ,.

923 2745 994 2826 qua
1018 2727 1137 2800 omnis
1170 2725 1372 2799 mercurius
1399 2731 1420 2799 a
1447 2721 1612 2800 contuitu
1645 2725 1736 2800 airis
1763 2723 2073 2824 superinducitur,
2114 2725 2309 2800 ad-inslar·

922 2839 1073 2938 alicuius
1098 2838 1232 2939 pultis,
1269 2839 1306 2912 &
1335 2840 1503 2915 omnium
1528 2838 1601 2916 sere
1636 2839 1844 2941 liquorum,
1880 2843 1950 2942 qui·
1968 2845 2041 2918 atri
2070 2837 2230 2938 exposti
2249 2853 2307 2912 ta·-

924 2957 1000 3031 lem
1039 2955 1248 3051 pelliculam
1278 2955 1318 3028 in
1355 2955 1558 3032 summitate
1585 2955 1651 3034 sua·
1676 2957 1913 3049 contrahuot3
1950 2954 2045 3033 hunc
2067 2958 2166 3030 enim
2195 2953 2299 3052 pelli·

925 3067 1044 3148 culam
1076 3067 1144 3146 esse
1173 3070 1406 3160 existimavi,
1454 3096 1533 3172 quae
1566 3078 1750 3151 materiam
1792 3071 2001 3159 lucificam,
2042 3093 2088 3146 ex
2119 3069 2298 3145 mercurio

924 3183 1072 3284 singulis
1104 3184 1324 3265 descensibus
1355 3189 1485 3288 egr-edi·
1510 3192 1727 3288 volentem,
1761 3192 1807 3267 ad
1832 3187 2090 3292 occupandum
2116 3188 2198 3262 tubi
2224 3185 2301 3281 spa-

926 3307 1017 3382 tium
1038 3329 1058 3381 a
1081 3308 1259 3384 mercurio
1289 3303 1524 3384 descendente
1547 3309 1736 3397 relictum,
1764 3321 1929 3386 coerceat
1952 3306 1994 3382 dt
2009 3303 2183 3404 impediat
2207 3321 2303 3402 quo·

887 3506 890 3514 ,
924 3425 1044 3501 minue
1072 3447 1256 3524 erumpere
1279 3421 1403 3524 ponit.
1455 3421 1668 3523 Er'rcogitaui
1694 3428 1815 3529 itaque
1844 3423 1938 3500 duos
1964 3423 2107 3500 modos¹
2123 3417 2303 3518 implendi

924 3541 1055 3618 tubum
1086 3539 1284 3620 Barometri
1302 3543 1402 3621 ¹eitra
1426 3541 1630 3618 contritum
1661 3547 1774 3639 aeris-3
1810 3544 1859 3619 ita
1887 3563 1930 3618 ut
1952 3538 2123 3617 columna
2162 3558 2304 3610 mercu-

925 3659 970 3733 rii
996 3659 1093 3733 nuda
1130 3657 1245 3753 esset,
1284 3660 1327 3734 da
1354 3663 1525 3735 immunis
1551 3660 1596 3736 ab
1629 3659 1691 3737 illa
1717 3659 1885 3760 pellicula
1909 3683 1928 3750 3*
1959 3658 2001 3733 ἃ·
2036 3652 2156 3752 reapse
2181 3649 2303 3724 modia

927 3773 996 3851 iltis
1030 3776 1069 3848 in
1098 3773 1262 3852 effetlum
1288 3775 1471 3866 medullis,
1498 3775 1536 3853 ἃ
1577 3779 1680 3854 variis
1714 3775 1931 3856 Barumetris
1957 3776 2007 3848 ita
2038 3770 2191 3870 panos,
2210 3805 2214 3811 ·
2232 3765 2307 3841 feci

864 3913 866 3920 ’
927 3890 1129 3990 periculum
1163 3894 1202 3968 in
1227 3894 1408 3994 tenebris,
1433 3917 1511 3970 non
1535 3893 1610 3969 siue
1632 3918 1772 3990 magna·
1790 3893 1975 3988 voluptate
1999 3890 2037 3964 de
2066 3882 2305 3961 delectamen-

929 4021 992 4095 to,
1017 4009 1141 4087 videns
1168 4013 1310 4088 exitum*
1336 4035 1421 4088 meo
1447 4012 1667 4097 ratiocinio,
1699 4011 1808 4084 etiam
1834 4006 2064 4105 ultra-quam
2084 4001 2301 4102 sperabam,

926 4124 1152 4224 respondisse.
1214 4123 1357 4208 Omnes
1393 4133 1491 4206 enim
1518 4129 1580 4204 isti·
1601 4127 1718 4215 tubi,
1757 4119 1928 4224 leuissima
1955 4125 2189 4222 agitatione,
2230 4131 2310 4194 tam

927 4244 1078 4322 lividam
1105 4244 1224 4324 lucem
1255 4249 1300 4327 de
1324 4248 1359 4326 se
1382 4248 1618 4347 spargebant,
1644 4260 1687 4324 ut
1713 4249 1822 4323 etiam
1846 4241 1978 4318 litterae
2009 4231 2218 4342 majusculas
2238 4231 2307 4311 dis·

928 4381 1077 4436 cernere
1103 4363 1315 4458 potuissem,
1350 4389 1435 4442 cum
1461 4376 1582 4440 tamen
1618 4378 1723 4440 antea
1745 4363 1852 4439 tubus
1886 4383 1998 4438 more
2026 4357 2210 4434 ordinario
2239 4355 2309 4438 im-

917 4473 1077 4573 pletur,
1106 4475 1236 4554 eodem
1260 4483 1409 4580 quidem
1433 4494 1584 4575 argento
1608 4481 1726 4585 riuq,
1755 4476 1845 4551 nihil
1870 4477 2047 4560 omnino,
2075 4474 2304 4567 vesparum,

891 4587 895 4594 ’
931 4583 1189 4668 violentissimis
1214 4593 1426 4674 successibur
1453 4595 1595 4671 luxerit.
1622 4589 1808 4668 laetabar
1830 4587 1999 4688 equidem
2029 4583 2198 4667 iuvenisse
2227 4604 2308 4659 mo·

933 4703 1020 4788 dum
1050 4709 1254 4807 generalem
1282 4717 1406 4789 omnia
1439 4702 1861 4788 monsteuranni
1900 4700 2080 4807 lucifera=3
2116 4721 2306 4830 meamqqe

2200 4835 2316 4918 proin
