5459 6684
434 806 1672 927 ccrnurntrernnuuonrrrr,orrea-,clxvi
1716 844 1785 933 περ’

383 980 443 1058 -ell
465 1003 535 1079 pro
556 974 776 1053 definiendo
799 974 918 1049 limite
946 973 1109 1058 minori,
1140 972 1279 1071 quippe
1312 970 1402 1072 qui,
1424 984 1469 1046 ut
1491 968 1597 1067 supra
1625 978 1777 1069 monui,
1801 974 1907 1051 lm

387 1096 533 1196 sempor
562 1094 613 1169 est
644 1091 791 1193 aequaiic
818 1090 941 1165 medio
975 1088 1201 1165 aritlrmetico
1226 1088 1325 1161 inter
1348 1085 1480 1159 limites
1503 1086 1747 1184 precedentes
1765 1058 1870 1169 :Jw‘

386 1212 509 1289 modo
525 1232 633 1287 nunc
657 1211 737 1307 pari
751 1206 924 1283 -facurtate
947 1204 1053 1283 limes
1081 1206 1195 1302 major
1219 1226 1267 1277 ex
1286 1198 1573 1302 precedentibus
1594 1209 1677 1311 erui·
1697 1206 1779 1307 pol-

285 1362 289 1366 ·
394 1328 448 1405 set
481 1382 493 1413 ‚
537 1324 752 1399 haberemus
791 1321 894 1421 qnod
936 1321 1113 1399 volumus.
1197 1316 1347 1396 Interim
1392 1321 1554 1418 quamuis
1606 1320 1776 1401 nundum

389 1443 438 1519 id
460 1441 594 1517 laboris
629 1439 724 1515 mihi
749 1436 941 1527 dederim,
968 1450 1031 1527 ut,
1058 1438 1217 1515 instituta
1242 1437 1346 1512 tertia
1367 1437 1602 1535 operatione,
1628 1440 1776 1519 tertium

396 1556 556 1637 limitem
575 1558 752 1653 majorem
778 1553 978 1631 definierim
998 1579 1010 1647 3
1034 1554 1158 1655 potest
1186 1568 1337 1641 nmen,
1363 1550 1594 1629 conferendo
1628 1556 1776 1631 tertium

363 1710 369 1715 ·
392 1674 781 1758 iimitemminorenr,
811 1675 877 1771 qui
903 1688 982 1748 taor
1000 1672 1107 1751 ncne
1130 1672 1337 1756 invenitur,
1360 1690 1447 1745 cum
1476 1666 1700 1767 praecedente
1724 1670 1776 1747 le-

390 1788 522 1867 cnndo
554 1788 713 1883 maiore,
741 1790 922 1886 perveniri
952 1788 997 1864 ad
1025 1790 1206 1865 rationem
1222 1787 1346 1884 magis
1373 1784 1572 1884 ¹equalitati
1600 1786 1775 1869 accedeu-

386 1917 491 1987 tem.
519 1924 723 2002 quamque
738 1902 896 1979 ¹habetur
918 1927 966 1980 ex
994 1918 1151 2005 utroque
1180 1902 1297 1978 limite
1320 1900 1499 1977 lecnndo.
1543 1900 1596 1979 Ita
1618 1906 1658 1979 in
1685 1927 1775 2004 prae·

337 2088 344 2099 .
385 2014 483 2099 lenti
513 2017 718 2117 exemplo,
744 2020 812 2095 ubi
845 2020 978 2097 limites
1013 2019 1164 2098 secundi
1191 2016 1272 2094 lunt
1309 2012 1376 2124 (9
1392 2007 1493 2113 ÷d
1514 2031 1534 2105 8
1556 2040 1579 2097 2
1599 2014 1637 2123 ):
1675 2041 1698 2100 2
1736 2022 1775 2098 dc

386 2122 699 2242 ηιμ-,ΗΜ
715 2128 892 2236 6562),
928 2158 1087 2237 quorum
1121 2137 1219 2211 ratio
1253 2136 1459 2213 continetur
1495 2136 1586 2212 intra
1633 2148 1773 2233 36562

383 2250 440 2331 ad
468 2262 605 2343 36563
635 2306 650 2338 ‚
692 2274 795 2328 nunc
824 2252 1014 2330 habebitur
1041 2274 1113 2353 pro
1145 2250 1261 2327 limite
1295 2252 1442 2327 minore
1465 2242 1634 2352 (9457
1652 2268 1703 2344 82
1724 2250 1771 2357 ):

267 2465 277 2476 ἱ
394 2355 1773 2473 4÷}d(4r÷,}el·6·562),&.ptomajoreel(41÷21ul6562h

386 2484 463 2559 hos
476 2482 610 2563 limites
631 2484 779 2579 reperio
789 2486 975 2559 contineri
1005 2487 1098 2561 intra
1122 2486 1301 2559 terminos
1321 2480 1430 2579 hujus
1450 2483 1600 2559 rationis
1633 2498 1772 2581 5⁶71?

385 2599 440 2677 ,ad
478 2613 652 2697 56718‚
683 2618 782 2698 quos
812 2598 916 2677 niden
947 2622 1047 2677 nnnc
1076 2613 1222 2677 tunhlm
1246 2600 1388 2677 unitate
1417 2591 1575 2675 differre.
1635 2596 1776 2701 Ellipsn

383 2719 504 2815 igitur
533 2714 678 2803 1101111,
707 2716 808 2810 cujus
836 2738 921 2793 aner
939 2718 1125 2816 conjugati
1147 2715 1232 2793 funt
1255 2728 1297 2793 ut
1333 2737 1352 2811 ς
1383 2712 1427 2789 ad
1456 2739 1509 2813 4,
1531 2738 1577 2791 eo
1596 2716 1671 2813 jam
1689 2738 1777 2815 pro-

391 2834 565 2910 ximitatis
584 2831 628 2909 ad
642 2834 882 2931 perimentum
904 2832 1046 2913 Cirmli
1066 2829 1214 2909 redoda
1249 2831 1337 2919 est,
1368 2844 1414 2907 ut
1448 2830 1612 2907 exhiberi
1639 2829 1777 2933 poffint

388 2948 477 3025 duae
495 2946 790 3027 circumferentiae
808 2950 1007 3039 circulares,
1023 2941 1098 3028 una
1110 2944 1234 3047 Ellipll
1245 2951 1374 3047 major,
1394 2948 1502 3025 altera
1517 2947 1644 3023 eadem
1654 2950 1777 3024 minor

391 3063 584 3167 plusquam
608 3066 870 3165 quinquaginta
895 3066 962 3143 sex
987 3066 1147 3143 milliens
1172 3067 1367 3165 partium,
1401 3088 1451 3141 ne
1478 3086 1552 3141 una
1578 3063 1728 3165 quidem
1754 3086 1775 3141 a

387 3205 473 3283 quae
492 3184 663 3259 tamenin
678 3179 903 3261 sedifferunt
934 3182 991 3261 An
1005 3182 1090 3259 talia
1102 3186 1176 3281 iam
1193 3182 1238 3257 ab
1253 3181 1512 3281 asro-quopiam
1526 3194 1608 3259 ante
1621 3206 1682 3257 me
1697 3180 1775 3257 fue·

389 3301 470 3374 rint
490 3299 643 3385 tradita,
667 3296 758 3375 nihil
771 3298 849 3377 lane
874 3301 949 3376 vidi
966 3322 1146 3405 unquam,
1161 3320 1280 3399 neque
1298 3320 1520 3398 quemquam
1539 3298 1585 3374 de
1604 3296 1779 3376 hisceret

394 3412 584 3495 somnone
606 3427 747 3491 mertum
785 3418 948 3493 arbitror.
1006 3414 1142 3493 Petiisti
1164 3426 1307 3491 tantum
1336 3429 1382 3491 ut
1412 3412 1630 3489 methodum
1656 3428 1778 3489 meam

389 3528 672 3608 transformandi
691 3552 841 3620 curvas,
874 3554 982 3632 quam
1010 3530 1086 3607 fine
1110 3531 1225 3607 dubio
1242 3529 1536 3631 inapplicabilem
1561 3526 1776 3616 credideras,
1872 3598 1875 3603 .

391 3646 440 3724 ad
465 3646 611 3749 Ellipsrn
633 3648 880 3748 applicarem,
907 3647 1009 3748 quod
1035 3648 1130 3741 leoi3
1158 3644 1232 3724 Sed
1255 3646 1340 3722 dedi
1369 3644 1536 3743 insuper,
1566 3656 1611 3720 ut
1638 3644 1776 3732 cernis,

390 3786 476 3864 quae
503 3757 608 3843 adro
630 3788 707 3841 non
733 3762 1014 3861 expedareme3
1049 3762 1279 3841 oceal'ronem
1313 3755 1407 3844 forte
1438 3760 1561 3837 datura
1596 3758 1779 3836 excitandi

392 3892 495 3961 tuam
521 3880 786 3968 condientem,
813 3880 932 3979 deque
954 3880 1134 3961 methodo
1154 3879 1214 3955 illa
1228 3900 1308 3954 mea
1322 3874 1436 3978 paulo
1457 3876 1650 3976 benignius
1668 3896 1781 3975 quam

394 4000 496 4093 prior
520 3996 704 4079 sentiendi.
751 3994 891 4075 Pollem
923 3995 986 4071 hic
1007 3999 1183 4094 attingere
1210 3995 1305 4080 alia,
1333 4018 1413 4095 quae
1438 4016 1507 4081 ea,
1541 4014 1612 4092 pro
1635 3990 1780 4069 loecun-

398 4108 508 4183 ditate
533 4112 616 4197 fua,
646 4110 738 4185 mihi
766 4112 1009 4210 suppeditavit
1040 4114 1079 4185 in
1099 4108 1184 4209 ipfis
1205 4106 1482 4208 Cyclometr'rcis
1513 4108 1616 4187 valde
1654 4108 1780 4211 profu·

395 4234 500 4309 tura,
526 4222 587 4299 sed
611 4224 721 4320 justos
753 4224 949 4328 humarum
975 4223 1066 4301 fines
1094 4228 1164 4323 jam
1195 4216 1333 4302 dudum
1362 4221 1552 4325 egrelius,
1591 4222 1637 4301 ad
1668 4224 1781 4305 finem

397 4360 592 4439 properare
619 4338 760 4435 jubeor,

457 4452 511 4535 Ut
543 4468 669 4532 caetera
687 4453 861 4554 '‘Epistolae
887 4456 981 4535 Tuae
1004 4461 1120 4559 capita
1147 4456 1348 4537 breriilime
1371 4460 1632 4560 perstringam
1652 4456 1780 4535 memi-

397 4570 438 4648 ni
464 4572 536 4669 jam
566 4572 655 4655 olim
680 4597 740 4659 me
768 4573 931 4674 quedam
954 4599 1035 4653 mea
1064 4578 1103 4651 io
1131 4574 1346 4653 summando
1377 4576 1435 4652 rel
1457 4575 1674 4675 mtegrando
1697 4579 1780 4653 urti-

398 4684 481 4765 dcia
505 4684 646 4765 Tecum
675 4688 978 4781 communicasse,
1012 4704 1054 4769 nt
1088 4692 1181 4769 adeo
1209 4716 1287 4767 non
1311 4706 1412 4771 vacet
1431 4716 1476 4769 ea
1502 4690 1780 4795 inAdversariir

396 4807 492 4879 meis
508 4798 597 4881 hinc
618 4804 706 4883 inde
729 4806 886 4906 dispersa
901 4809 1023 4887 denuo
1048 4810 1263 4906 recolligere
1289 4810 1326 4885 &
1345 4808 1541 4897 exhibere,
1568 4809 1660 4887 nihil
1679 4813 1781 4887 enim

392 4920 449 4997 est
485 4922 588 5022 quod
615 4927 729 5017 magis
762 4924 937 5011 fastidium
964 4948 1073 5029 quam
1106 4946 1257 5027 operam
1291 4924 1455 5005 eamdem
1490 4926 1546 5003 bis
1574 4946 1746 5029 peragere
1773 4944 1786 5014 ;

520 5028 623 5117 Tm.
654 5031 724 5117 [Ι.
1246 5036 1281 5139 i
1490 5028 1507 5117 ’,
1589 5038 1599 5053 “
1698 5056 1788 5146 prae-
