5459 6684
515 723 516 727 κ
563 671 1728 761 LEIBNJYIIETBERNOULLHAEatsucvll.
1780 693 1824 761 19

448 821 619 923 italicar,
657 816 866 905 Gallicam,
903 804 1116 916 Argiuam,
1151 810 1188 886 se.
1205 809 1239 886 se
1265 811 1443 900 extollet,
1470 829 1648 914 quantum
1673 813 1944 916 Coptos-1700.

443 941 498 1022 sus
526 945 619 1018 inter
653 941 817 1018 viburna.
885 928 940 1008 Ad
966 931 1085 1006 tenuia
1107 951 1187 1004 mea
1219 927 1322 1028 quod
1347 932 1499 1015 attinet,
1526 932 1673 1026 liudia;
1700 931 1727 1008 li
1755 915 1961 1014 visaOQb·

441 1055 575 1136 suerint
600 1058 768 1136 conserte
794 1047 894 1152 polle
919 1046 1054 1150 aliquid
1082 1042 1299 1144 pondusculi
1320 1043 1365 1120 ad
1392 1045 1570 1123 societatis
1597 1053 1763 1145 vigorem
1786 1053 1823 1129 de
1950 1074 1953 1078 ·

436 1177 731 1260 incrementum,
759 1193 817 1246 me
847 1178 941 1247 certe
969 1187 1049 1268 non
1072 1161 1164 1240 adeo
1193 1161 1351 1238 alienum
1379 1163 1603 1262 praeberenr,
1633 1163 1660 1239 li
1685 1165 1724 1240 id
1756 1165 1825 1246 ho-

444 1293 543 1370 neste
568 1293 606 1368 tr
634 1293 800 1368 decenter
821 1309 841 1360 a
872 1306 933 1360 me
957 1293 1147 1381 peteretur.
1210 1276 1296 1356 Tuo
1321 1293 1443 1358 autem
1462 1280 1634 1380 prudenti
1656 1280 1823 1382 relinquo

448 1405 622 1498 consilio,
651 1401 837 1506 numquid
865 1389 1148 1502 Berolinerfibus
1170 1395 1237 1472 hac
1260 1395 1305 1472 de
1335 1421 1374 1473 re
1404 1400 1675 1476 communicare
1697 1397 1822 1476 volue-

443 1529 506 1622 ris
549 1524 636 1602 Non
662 1522 791 1599 dubito
816 1521 929 1618 quin,
957 1519 1058 1613 juxta
1082 1513 1169 1602 alia..
1200 1513 1307 1590 etiam
1329 1513 1473 1616 phyfica
1500 1515 1539 1592 dc
1561 1515 1823 1614 experimenti.

446 1642 490 1718 lia
529 1641 693 1740 inprimis
722 1633 922 1714 excolenda
941 1630 1083 1713 suerint.
1133 1628 1312 1731 optarem
1335 1631 1397 1708 hic
1420 1632 1512 1711 mihi
1539 1630 1691 1714 subsidia
1711 1630 1824 1712 admi·

439 1757 710 1852 niltrarentur,
744 1752 790 1830 ad
825 1749 1052 1854 procuranda
1088 1749 1190 1850 plura
1227 1749 1498 1838 instrumenta,
1531 1748 1819 1848 supelleltilem,

442 1877 659 1984 notoriam,
691 1871 831 1974 aliaque
858 1871 902 1950 ad
933 1863 1360 1950 haruspicesne:
1390 1865 1582 1967 pollicerer
1619 1867 1701 1942 sane
1731 1865 1823 1942 mihi
1887 1945 1892 1952 ,

441 2013 525 2092 ιιοηΙ
560 1990 728 2068 inutilem
762 1987 971 2068 successum.
1014 1984 1193 2066 ‚Ordines
1235 1984 1383 2085 quidem
1413 1983 1524 2062 nostri
1563 1993 1645 2060 ante
1682 1977 1823 2084 aliquot
1917 1997 1922 2009 ·

441 2131 574 2198 annos,
603 2112 642 2186 in
675 2108 777 2185 usum
805 2108 935 2184 nostrae
959 2103 1168 2208 juventutis
1191 2101 1374 2192 studiosas,
1405 2125 1491 2180 meo
1516 2097 1823 2179 consilio'induo-

441 2227 493 2312 ti,
517 2225 676 2326 aliquam
698 2225 907 2305 summulam
933 2210 1231 2324 suppe'ditaruot3
1256 2241 1337 2318 quae
1368 2236 1492 2299 autem
1508 2221 1570 2298 vix
1584 2216 1702 2296 -dum
1723 2217 1823 2316 prin-

429 2343 678 2440 ,cipalioribus
714 2342 951 2447 instrumentis
979 2337 1197 2416 coemendis
1221 2334 1426 2424 sufficiebat
1484 2334 1669 2414 Destituto
1700 2335 1822 2432 itaque
1943 2431 1950 2438 .

450 2476 570 2550 annuo
610 2453 804 2544 subsidio,
837 2456 1036 2551 sumptibus
1057 2441 1289 2552 quotidianis
1317 2452 1567 2556 impendendo
1592 2444 1741 2551 {quod
1777 2447 1821 2526 ab

451 2569 521 2666 illis
551 2567 816 2667 flagitaverant,
844 2568 902 2644 sed
926 2567 1079 2665 frustra]
1108 2591 1188 2642 non
1212 2591 1251 2644 ea
1270 2626 1285 2656 .,
1298 2603 1305 2610 ·
1319 2594 1396 2670 qua
1421 2566 1581 2654 uadem,
1615 2567 1822 2645 lheuuihte

449 2699 580 2776 naturas
611 2708 740 2760 arcana
778 2687 895 2762 rinrari
922 2685 1010 2766 litet
1034 2708 1045 2776 3
1074 2681 1235 2770 tametsi,
1273 2709 1319 2762 ne
1348 2683 1573 2785 sicquidem
1603 2690 1745 2781 tempus
1770 2694 1825 2761 te·

446 2824 545 2888 ram,
582 2801 670 2900 quin
695 2802 948 2876 cantaminibus
976 2797 1096 2876 rninus
1122 2797 1308 2898 pretiosis,
1342 2825 1390 2880 err
1426 2823 1511 2878 meo
1537 2798 1727 2885 institutis,
1766 2799 1821 2874 irr-

431 2915 587 3000 ¹terdum
617 2915 753 3015 aliquid
785 2919 870 2992 novi
898 2917 1078 3013 detegam
1123 2915 1319 3016 ita-nuper
1347 2919 1473 2993 intem
1495 2916 1650 2997 modum
1672 2915 1822 3016 parandi
1947 2950 1956 2967 =

441 3053 579 3108 novum
604 3053 726 3128 genus
754 3029 957 3132 Phosphori
979 3031 1086 3110 ratde
1112 3030 1244 3120 lucidi,
1274 3035 1311 3110 δι
1341 3033 1444 3114 facile
1478 3031 1665 3133 parabilis,
1696 3055 1743 3107 ex
1766 3055 1820 3110 at·
1962 3054 1967 3065 ·

443 3161 555 3247 gento
587 3150 671 3224 vivo
684 3151 733 3236 in
761 3171 876 3232 vacuo
902 3147 1030 3250 posrto.
1089 3145 1162 3232 Hic
1193 3147 1428 3252 Phosphorus
1450 3151 1619 3228 omnibus
1641 3148 1718 3226 aliis
1742 3149 1819 3250 pal·

445 3287 548 3341 nram⁴
572 3268 760 3366 praeripere
794 3267 903 3344 debet
912 3293 924 3361 3
958 3269 1079 3368 primo
1106 3267 1209 3367 quod
1246 3293 1352 3359 eum,
1389 3291 1467 3346 non
1501 3267 1582 3347 casu
1616 3267 1814 3353 lonasto,

447 3383 507 3458 cui
536 3382 666 3482 reliqui
694 3405 819 3460 omnes
843 3398 967 3462 ortum
988 3385 1092 3464 suurn
1115 3384 1275 3476 debent,
1300 3387 1361 3468 sed
1387 3385 1434 3464 de
1459 3385 1651 3479 industria,
1681 3384 1817 3482 aprio-
1847 3395 1851 3399 ’

445 3500 500 3585 ri,
534 3497 573 3592 Sp
600 3499 784 3599 principiis
810 3505 897 3586 nius
920 3493 1178 3582 ratiocinando
1205 3505 1426 3601 invenerim,
1443 3501 1638 3586 ,secundm
1664 3498 1701 3572 ἃ
1732 3497 1815 3596 qui·

432 3615 526 3711 „dem
554 3617 754 3715 praecipue,
781 3619 881 3725 quod
912 3641 1012 3696 meus
1038 3615 1273 3720 Phosphorus
1295 3620 1337 3700 srt
1356 3630 1571 3721 perpetuus.
1597 3613 1685 3697 loco
1713 3612 1815 3714 quod

443 3755 569 3808 omnes
600 3733 660 3810 alii
693 3734 728 3810 se
753 3733 788 3810 se
823 3735 1064 3825 consumant,
1107 3737 1163 3814 uel
1196 3737 1318 3818 saltem
1354 3739 1452 3815 suant
1481 3739 1674 3820 virtutem,
1704 3731 1815 3808 tratis

442 3851 652 3949 temporis,
692 3854 872 3930 amittunt.
898 3843 901 3850 ’
936 3851 1043 3930 Unde
1075 3851 1148 3952 jam
1189 3857 1462 3948 innotesceret,
1490 3847 1692 3953 ,quomodo
1729 3844 1814 3920 tales

444 3965 623 4066 lampades
657 3967 894 4068 sepulchrales
920 3973 959 4046 in
978 3984 1197 4070 perpetuum
1215 3975 1386 4058 ,duranni
1410 3972 1525 4070 parati
1545 3963 1707 4065 pollent,
1736 3983 1816 4061 quaa

447 4079 625 4176 fulgerent
653 4095 817 4180 tantum,
859 4109 937 4164 non
959 4087 1146 4168 atdetetrt.
1197 4091 1313 4175 Incidi
1352 4091 1391 4162 in
1425 4087 1502 4164 hoc
1532 4084 1719 4160 inventum
1748 4078 1816 4179 hac

448 4193 642 4276 occasione.

486 4347 488 4352 v
534 4309 629 4388 Corn
656 4325 739 4390 ante
768 4315 905 4415 aliquot
923 4309 1092 4411 menses,
1119 4325 1159 4400 in
1178 4318 1275 4396 libro
1302 4317 1427 4418 aliquo
1452 4311 1612 4414 legissem
1642 4310 1813 4390 Picis-

427 4448 470 4536 γι)
485 4447 548 4504 urs
576 4425 763 4509 Societatis
790 4431 964 4526 Gallice,
987 4442 1029 4516 in
1060 4441 1125 4520 suo
1152 4438 1384 4525 Barometro,
1408 4432 1609 4512 cum-sorte
1637 4441 1813 4531 pertene-

442 4541 521 4620 bras
543 4541 635 4624 illud
663 4549 934 4650 transportaret,
965 4557 1005 4632 in
1028 4571 1126 4658 parte
1152 4557 1231 4636 tubi
1263 4575 1397 4643 uacua,
1433 4547 1632 4638 observasse
1656 4545 1813 4647 aliquem

440 4657 622 4756 fulgorem
647 4687 701 4742 ex,
715 4667 918 4767 improviso,
938 4682 1200 4774 apparentem,
1231 4676 1268 4752 dr
1292 4672 1531 4750 mortiterum
1554 4667 1811 4767 disparemus,

441 4775 564 4872 postea
593 4779 837 4874 redeuntem,
875 4792 995 4906 toties¹
1019 4793 1162 4892 quoties
1206 4801 1397 4890 argentum
1424 4789 1546 4867 riuum
1577 4808 1642 4886 per
1668 4794 1813 4904 motum

463 4925 466 4930 '
1268 4905 1301 4986 C
1350 4927 1379 4984 2
1723 4912 1812 4968 recl·
1920 4905 1924 4912 ’
