5459 6684
361 834 1633 936 LEsflNiTiiETRERNUULLH‚Er1tr.CCXX.
1674 859 1751 938 34'9‘

326 1004 427 1055 cas.
485 980 541 1059 Ita
573 1002 652 1055 mea
678 1000 764 1053 curn
791 966 869 1091 ipso
893 978 1084 1075 disputatio
1113 959 1322 1075 aliquandiu
1354 974 1640 1074 sopitajacebit·
1687 969 1754 1056 Sed
1773 973 1883 1076 17¹¹}

328 1099 515 1175 interim
526 1095 553 1175 P
566 1108 652 1173 arca
665 1116 692 1168 u
705 1116 757 1169 rr
773 1114 824 1169 ue
842 1094 1006 1171 libellum
1024 1114 1149 1171 meum
1161 1088 1429 1187 suggillandum
1443 1090 1617 1190 suscepit,
1631 1095 1753 1190 primo
1769 1060 1867 1170 Mur..

333 1212 542 1315 peculiari
569 1210 733 1313 quodam
754 1209 885 1309 scripto
911 1210 1011 1313 quod
1041 1214 1080 1287 in
1103 1210 1227 1287 lucem
1253 1202 1452 1307 protrusit,
1486 1208 1608 1306 postea
1640 1213 1749 1287 etiam

338 1336 387 1405 in
424 1322 579 1407 Diarr'o
608 1314 876 1429 Trevultienfi,
899 1322 961 1431 (r)
991 1325 1117 1405 Mense
1137 1323 1259 1425 Aprili.
1296 1322 1355 1399 sed
1375 1377 1410 1401 ..
1434 1379 1525 1399 ....
1563 1323 1656 1399 nihil
1680 1325 1746 1401 nisr

343 1448 528 1544 ineptias
555 1446 643 1523 mira
668 1442 882 1521 obscuritate
906 1445 1086 1523 involutas
1105 1440 1307 1542 opposuit:
1333 1440 1448 1517 multa
1472 1440 1562 1516 mihi
1593 1442 1749 1540 imputat
1771 1516 1792 1547 1:

346 1584 445 1663 quae
479 1584 561 1638 non
592 1560 665 1637 dixi
682 1560 834 1651 {multe
862 1554 1063 1661 praeuertit,
1087 1562 1123 1635 &
1146 1560 1252 1635 verba
1277 1580 1356 1633 mea
1378 1558 1574 1657 detorquet
1600 1560 1639 1633 in
1665 1558 1748 1633 alie·

348 1700 454 1752 num
487 1676 651 1771 sensum3
673 1672 758 1765 sed,
786 1678 888 1777 quud
913 1677 1105 1779 peffimum
1138 1676 1213 1761 est,
1236 1674 1400 1772 quaedam
1421 1697 1501 1751 mea
1524 1730 1742 1751 ........

354 1794 423 1871 sua
455 1792 567 1880 facit,
596 1794 682 1871 dum
708 1816 767 1869 me
794 1792 949 1873 refutare
976 1794 1153 1871 videtur:
1180 1789 1315 1867 scilicet
1340 1788 1416 1868 hoc
1442 1787 1595 1869 artificio·
1608 1795 1746 1888 utitur,

349 1960 528 1999 ......
553 1922 593 1985 ut
613 1904 807 1989 dissimulet
824 1909 1006 2011 'Plagimn
1037 1911 1140 1990 suum
1153 1926 1168 2001 ;
1192 1906 1295 2007 quod
1330 1906 1479 2006 quidem
1501 1908 1551 1983 ob
1582 1922 1747 1998 tantam,

349 2048 476 2125 quarn
515 2026 687 2115 uffedat,
719 2028 974 2109 obscuritatem
1008 2022 1112 2105 facile
1141 2019 1216 2125 ipsr¹
1235 2021 1429 2101 succedit:
1462 2020 1507 2101 Et
1544 2023 1570 2100 si
1601 2027 1748 2103 interim

354 2145 509 2219 ratione
541 2144 748 2231 civilitatis,‚
770 2164 841 2243 qua
861 2166 921 2221 me
955 2145 1099 2232 tractat,
1135 2143 1311 2241 conqueri
1335 2161 1412 2217 non
1432 2138 1562 2239 puisun
1590 2142 1639 2217 de
1669 2145 1751 2238 elue

361 2259 492 2337 modo
532 2258 714 2335 scribendi
740 2280 752 2351 3
782 2262 866 2358 quia
891 2262 943 2336 eii
983 2258 1160 2357 litigiosus
1201 2310 1211 2345 ,
1255 2260 1294 2331 io
1338 2256 1412 2361 lroq
1452 2262 1562 2335 unico
1591 2259 1749 2355 gloriam
1793 2345 1795 2354 Ι

360 2397 560 2475 quaerens,
589 2389 630 2451 ut
654 2374 733 2449 lites
762 2376 801 2451 in
826 2374 1009 2453 infinitum
1034 2372 1246 2473 protrahat,
1278 2372 1461 2471 raucasque
1485 2397 1532 2450 ex
1551 2375 1675 2453 litibus
1697 2375 1748 2449 se·

363 2504 446 2576 rat,
483 2488 596 2589 idque
637 2488 830 2588 inprimis,
866 2504 907 2567 ut
932 2489 1070 2577 audio,
1107 2489 1220 2567 ambit
1243 2544 1252 2571 ,
1283 2506 1323 2564 ut
1348 2488 1563 2566 adversarios
1590 2494 1754 2590 acquirat

364 2604 523 2701 alicujus
545 2606 710 2683 nominis
740 2606 932 2695 deleme,
963 2630 1012 2685 ex
1033 2608 1169 2707 quibus⁴
1199 2604 1299 2681 vidis
1311 2650 1485 2682 .......
1510 2602 1576 2681 sibi
1619 2608 1752 2683 faniam

369 2742 589 2820 comparare
604 2724 738 2802 nititur.
767 2716 907 2799 Tamen
935 2723 1101 2825 quaedam
1116 2722 1163 2801 ad
1180 2714 1323 2799 Dnunr,
1355 2715 1428 2799 Vn
1439 2746 1487 2799 ur
1501 2746 1563 2798 cu
1577 2746 1640 2800 ou
1654 2747 1668 2798 r
1683 2745 1748 2799 uu

370 2836 434 2931 ex}
456 2840 637 2915 annotatis
671 2843 764 2917 meir
802 2837 905 2928 mis,
944 2848 987 2918 ut
1014 2838 1040 2916 sr
1070 2842 1092 2915 e
1125 2862 1165 2917 re
1203 2836 1274 2915 effe
1311 2843 1550 2917 autumaverit
1576 2862 1655 2916 non
1687 2839 1751 2915 sub

368 2972 481 3039 meo,
509 2954 570 3028 sed
598 2956 664 3032 sub
687 2954 805 3033 alieno
830 2961 978 3035 nomine
1005 2957 1089 3035 edat·
1109 2980 1119 3048 ;
1141 2964 1193 3035 'ut
1222 2978 1344 3055 aequus
1370 2955 1486 3033 ledor
1515 2954 1634 3035 videat
1659 2957 1749 3056 quid

367 3067 411 3143 de
435 3070 589 3165 ingenio
616 3066 818 3170 Parq'cnr
834 3096 874 3147 11
898 3072 939 3151 fit
967 3074 1176 3151 tenendum.¹
1217 3070 1364 3151 Dubito
1390 3086 1513 3151 autem
1537 3095 1584 3149 an
1610 3070 1652 3149 fir
1671 3074 1749 3149 edi·

368 3196 465 3261 turus
493 3206 534 3260 ea
566 3180 968 3275 VAMGNoNsus,
998 3204 1055 3265 ut·
1071 3203 1164 3287 pote
1190 3194 1254 3293 qui
1288 3193 1596 3289 quam-maxime
1621 3188 1748 3267 dissua-

372 3300 433 3377 det
461 3298 749 3395 altercationem,
787 3300 856 3380 srve
882 3306 995 3393 tecto,
1013 3304 1085 3381 sive
1109 3323 1236 3405 aperto
1264 3310 1417 3385 nomme
1446 3330 1530 3387 cunr
1556 3302 1750 3385 Pineu-

376 3440 455 3495 rro
477 3418 742 3514 inchoandam3
768 3418 890 3499 nib&
915 3423 1099 3499 bonorem
1127 3426 1164 3501 ἃ
1198 3426 1495 3529 tranquillitatem
1512 3447 1630 3503 meam
1647 3428 1748 3523 peri-

378 3534 486 3611 clitari
511 3532 631 3613 veiim
1079 3616 1081 3621 .
1230 3562 1232 3569 ·

457 3648 607 3731 Pulchre
627 3652 775 3755 quidem
803 3670 955 3743 mones,
978 3668 1019 3733 ut
1041 3660 1233 3754 negotium
1264 3678 1438 3758 aquarum
1460 3655 1682 3733 currentium
1707 3658 1763 3730 io·

383 3788 505 3847 manue
538 3770 676 3847 sumam
698 3790 709 3845 ε
732 3769 811 3855 sed,
852 3770 901 3845 ob
932 3770 1036 3871 supra
1066 3787 1284 3879 memoratae
1308 3778 1492 3868 rationes,
1526 3795 1602 3851 non
1637 3771 1748 3849 rideo

377 3884 462 3983 quid
482 3910 540 3964 me
562 3910 610 3965 eo
637 3908 849 3986 permovere
888 3884 1021 3985 possit,
1042 3888 1099 3965 vel
1125 3878 1279 3979 debeat,
1310 3890 1485 3968 obrutum
1503 3891 1543 3964 in
1574 3890 1650 3967 dies
1665 3884 1748 3966 lon-

381 4020 424 4096 ge
454 4000 593 4081 diversis
616 4004 802 4101 negotiis,
836 4006 968 4102 partim
987 4004 1238 4095 Academicis,
1266 4009 1394 4107 partim
1413 4005 1640 4100 domesticis,
1657 4004 1750 4083 aliis-

386 4136 475 4209 que:
500 4118 692 4219 praesertim
716 4115 741 4193 u
762 4118 798 4193 id
823 4118 901 4195 sieri
925 4142 1001 4196 non
1026 4118 1157 4221 pout,
1191 4118 1254 4220 nisi
1275 4128 1412 4223 magno
1440 4124 1613 4223 temporie
1631 4123 1668 4199 dc
1691 4122 1748 4201 la·

388 4226 473 4305 boris
499 4231 712 4332 dispendio,
739 4232 799 4311 sed
823 4256 931 4335 parva
961 4236 1018 4313 vel
1042 4238 1140 4317 nulla
1163 4241 1306 4340 prorsus
1330 4240 1392 4341 spe
1417 4239 1679 4327 emolumenti5
1706 4243 1746 4317 dc

388 4344 522 4425 modico
549 4348 745 4450 admodum
785 4350 886 4429 samar
917 4368 1155 4454 augmento:
1195 4350 1565 4437 Gurrrerrrrrr'r
1600 4354 1746 4437 libellos

389 4454 448 4540 hac
466 4462 508 4543 de
537 4464 755 4565 rescriptos
784 4490 972 4571 nunquam
1007 4494 1080 4571 ego
1111 4474 1213 4569 vidi,
1245 4477 1281 4553 δι
1313 4476 1359 4553 de
1391 4463 1746 4553 Pirrur'contra·

389 4575 532 4659 didione
561 4576 651 4661 nihil
682 4586 837 4682 pariter,
862 4585 924 4662 nib
952 4589 1053 4688 quod
1079 4593 1120 4667 in
1140 4582 1411 4700 AliirLiplr'en
1426 4589 1506 4670 rbus
1525 4606 1634 4675 extat.
1694 4587 1744 4667 Ea

388 4692 493 4799 itaque
516 4697 639 4777 omnia
663 4700 897 4782 examinandi
923 4707 1029 4807 copia
1052 4732 1128 4784 non
1153 4708 1256 4785 datur
1281 4759 1742 4787 ............

1163 4824 1204 4903 X
1224 4846 1251 4901 x
1302 4848 1320 4920 3
1461 4868 1468 4879 ·

386 5086 405 5161 Ρ
430 4930 538 5164 5225
557 4987 663 5071 ¹7¹5·
678 4976 824 5073 April-s·
839 4980 923 5073 ⁶97·
939 4968 984 5065 &⁹
994 4977 1131 5073 lutura!
1141 4981 1193 5055 des
1204 4984 1351 5073 liceum
1369 4973 1426 5054 Ed.
1442 4978 1616 5056 Horror.
1639 4986 1739 5068 1716.
