5459 6684
1241 735 1680 820 contrahetur!
1729 729 2171 804 nfrsrottcunr.
2299 760 2302 763 ·

818 903 923 972 r710.
986 885 1118 961 locem
1149 883 1378 984 prodierint,
1413 903 1505 976 rogo
1529 891 1572 953 nt
1593 877 1687 952 mihi
1717 897 1866 976 quoque
1893 877 2047 974 aliquod
2075 876 2279 982 Exemplar·
2310 896 2408 966 mit„

812 985 913 1072 Assil-
998 1018 1104 1078 tatur.
1132 988 1261 1100 ‘Spero
1287 1023 1345 1076 me
1375 995 1426 1074 ibi
1450 995 1628 1099 visurum,
1656 1011 1739 1100 quae
1759 1003 1886 1066 contra
1907 991 2219 1092 paralogizantem
2241 1000 2406 1080 Cnnr.

995 1143 1048 1193 or
1065 1141 1124 1192 orn
1153 1117 1199 1192 ad
1219 1113 1274 1190 Te
1299 1112 1398 1189 misi:
1434 1113 1560 1186 eadem
1589 1112 1796 1184 etiamnum
1822 1110 1935 1186 totius
1963 1106 2032 1184 litis
2060 1105 2277 1218 Greu'gianae
2308 1145 2398 1200 nar.

992 1237 1173 1315 rationem
1215 1229 1457 1314 Montano
1485 1223 1679 1312 transmisi,
1711 1245 1777 1324 pet
1803 1221 2217 1312 Soueuouznurm
2252 1232 2396 1334 Junio.

993 1373 1069 1426 rem
1102 1348 1290 1425 Medicum
1324 1340 1549 1446 Tigurinum
1577 1345 1616 1417 in
1641 1337 1745 1418 Orbe
1781 1341 1923 1420 erudito
1953 1365 2030 1418 non
2064 1346 2284 1438 obscurum,
2326 1361 2393 1453 qiu'

992 1489 1109 1563 nuper
1136 1469 1205 1540 iter
1231 1459 1411 1560 aggressus
1437 1461 1487 1536 est
1516 1461 1552 1534 in
1578 1454 1768 1560 Belgium,
1797 1451 1974 1560 Angiam
2010 1461 2047 1535 δι
2076 1456 2281 1554 Gasinm,
2313 1471 2391 1546 for.

989 1599 1027 1659 te
1064 1587 1102 1657 in
1137 1578 1286 1656 transitu
1329 1601 1393 1677 pet
1443 1569 1682 1656 Gnmiam
1733 1571 1808 1650 Tui
1840 1573 1986 1650 videndi
2020 1581 2167 1680 copiam
2200 1601 2388 1684 quarots

985 1701 1088 1776 hunc
1122 1700 1221 1776 euim
1246 1695 1501 1794 oiim-primis
1533 1694 1688 1792 scopum
1726 1691 1822 1768 istius
1862 1693 2001 1768 itineris
2029 1693 2168 1794 habet,
2209 1715 2250 1776 ut
2286 1699 2387 1778 Viris

990 1813 1147 1894 Eruditis
1180 1813 1216 1888 ἃ
1244 1812 1457 1891 Celebtibus
1490 1808 1713 1888 innotescat:
1745 1808 1986 1908 quamobrem
2021 1833 2082 1888 me
2121 1820 2298 1914 rogavit,
2343 1835 2388 1894 ut

990 1955 1104 2032 quum
1137 1931 1182 2006 ad
1218 1929 1274 2006 'se
1301 1928 1495 2028 script-utus
1526 1925 1654 2013 essem,
1687 1925 1741 2001 sui
1770 1927 1878 2000 mam
1906 1927 2134 2006 mentionem
2152 1913 2321 2030 injicere,
2347 1939 2385 2014 δι

985 2049 1022 2123 se
1048 2047 1137 2123 Tibi
1172 2052 1209 2122 in
1234 2042 1453 2123 antecessum
1489 2041 1745 2120 commendate
1774 2040 1916 2117 vellens.
1981 2043 2136 2122 Anhelat
2173 2052 2224 2126 sir
2258 2051 2380 2129 bonus

987 2166 1143 2264 aliquam
1173 2163 1358 2242 honestam
1386 2161 1577 2244 stationem
1613 2159 1649 2234 &
1686 2155 1947 2242 Proseslionem
1977 2157 2041 2238 fibi
2072 2167 2375 2260 convenientem

988 2281 1134 2381 qualem
1162 2277 1188 2353 fi
1217 2278 1278 2356 Tu
1307 2275 1372 2374 ipfi
1410 2275 1607 2352 conciliate
1638 2272 1776 2374 posses,
1811 2279 1968 2351 maxime
1996 2275 2074 2352 Tibi
2098 2279 2190 2354 soret
2213 2282 2368 2384 detinc-

989 2413 1072 2482 tus,
1108 2418 1209 2494 aeque
1238 2419 1281 2470 ac
1315 2389 1501 2469 Dominus
1527 2391 1827 2478 Morvnnns,
1859 2389 1999 2492 insignis
2023 2406 2111 2472 certe
2140 2391 2364 2484 Geomeua,

986 2513 1055 2612 qui
1084 2512 1183 2586 haud
1210 2509 1321 2587 dubie
1348 2507 1467 2586 adhuc
1492 2507 1601 2588 baeret
1623 2505 2080 2588 Londiniwm

1075 2626 1196 2704 Habet
1224 2629 1386 2726 Agnitus
1415 2649 1516 2701 meus
1544 2625 1589 2704 de
1616 2647 1691 2724 quo
1721 2621 1787 2700 fibi
1824 2625 2052 2723 gratuletur,
2085 2622 2185 2724 quod
2206 2621 2373 2702 Dillerta-

983 2745 1042 2820 tio
1069 2768 1088 2822 a
1113 2745 1147 2820 se
1171 2745 1373 2844 conscripta
1403 2741 1489 2826 Tibi
1514 2765 1593 2824 non
1611 2743 1843 2842 displicuerit.
1880 2739 2044 2826 Discelsrt
2068 2765 2186 2839 nuper
2218 2743 2253 2822 iu
2282 2735 2373 2822 Gal-

982 2857 1077 2937 liam
1105 2861 1289 2947 abiturus,
1325 2860 1517 2962 postquam
1547 2857 1754 2961 aliquandiu
1789 2851 1950 2942 Genevne
1985 2877 2231 2934 commoratus
2255 2858 2370 2934 haesit

986 2967 1141 3074 Parifis
1166 2978 1324 3050 inveniet
1361 2975 1593 3058 occasionem
1628 2975 1741 3054 studia
1775 2975 1890 3050 nostra
1917 2973 2063 3050 ulterius
2098 2975 2370 3074 prosequendi;

932 3079 937 3100 ⁸
984 3091 1121 3189 ridebit
1149 3088 1626 3180 Mnus-Morinum,
1657 3093 1719 3200 qui
1750 3091 1795 3166 de
1825 3087 1925 3166 fimili
1947 3089 2021 3164 fere
2041 3093 2214 3178 materia,
2245 3113 2368 3190 nempe

983 3206 1147 3282 deludis
1172 3231 1193 3282 a
1218 3207 1364 3283 fortuna
1391 3205 1635 3306 pendentibus
1662 3211 1811 3284 nonita
1838 3207 1975 3306 pridem
2002 3203 2153 3291 Librum
2175 3207 2310 3294 edidit,
2334 3211 2366 3282 in

978 3347 1074 3423 quo·
1091 3338 1211 3400 autem
1237 3323 1330 3405 nibil
1355 3325 1467 3400 ualde
1497 3322 1674 3423 singulare
1708 3324 1927 3424 deprehendi
1932 3382 2170 3399 ..........
2200 3320 2365 3401 Observa

983 3443 1103 3517 tiones
1131 3463 1226 3518 meas
1248 3443 1288 3520 in
1311 3441 1411 3524 hunc
1434 3439 1588 3520 Librum
1611 3439 1764 3529 Authori
1792 3439 1963 3518 transmisi
1988 3433 2083 3544 (1),
2114 3443 2289 3540 quoniam
2308 3440 2364 3540 Ju-

978 3558 1123 3634 dicium
1154 3582 1279 3635 meum
1311 3559 1356 3634 de
1387 3557 1476 3640 eoi
1510 3583 1568 3636 nre
1594 3561 1707 3658 petiit
1736 3555 1865 3643 Fratris
1888 3561 1960 3633 nrei
1985 3555 2091 3657 Opus
2113 3557 2359 3657 posthumum,

986 3673 1201 3752 stultiorem
1226 3699 1374 3752 manum
1402 3671 1571 3764 uidisset,
1605 3676 1782 3751 &lucem
1805 3675 1987 3774 publicam
2014 3675 2209 3774 aspiceret,
2240 3675 2358 3770 soret,

986 3790 1240 3877 hauddubie,
1270 3791 1464 3877 omnium,
1500 3812 1583 3892 quae
1608 3793 1706 3868 eirea
1736 3791 1829 3868 hane
1852 3795 2036 3902 lienteriam
2060 3791 2277 3892 prodierunt
2302 3791 2359 3867 ab·

984 3905 1254 3988 sulutilliruum:
1279 3907 1343 3990 sed
1372 3906 1499 3986 dubito
1530 3933 1575 3986 an
1612 3931 1772 4008 unquam
1799 3908 2027 4005 proditurum
2058 3906 2126 3996 fit,
2157 3931 2222 4005 per
2250 3907 2356 3985 neseio

982 4050 1097 4122 quam
1130 4082 1375 4104 ..........
1408 4023 1583 4101 heredum
1624 4025 1872 4124 suspicionem
1933 4023 2037 4100 Vidit
2070 4023 2354 4124 manussctiptum
2463 4109 2464 4128 1

983 4137 1321 4231 disseminatos}
1353 4165 1463 4232 cunr,
1488 4157 1638 4240 rogante
1666 4141 1796 4228 vidua,
1826 4141 1942 4218 statim
1969 4141 2050 4240 post
2075 4143 2219 4217 obitum
2236 4143 2353 4236 mariti,

980 4257 1091 4357 huius
1118 4257 1263 4336 schedas
1289 4261 1325 4334 δι
1345 4261 1485 4334 chartas
1513 4283 1549 4332 in
1574 4259 1740 4334 ordinem
1768 4257 1948 4355 redigeret
1949 4311 2237 4334 ............

1058 4377 1186 4456 Audeo
1209 4377 1252 4457 ad
1282 4371 1337 4450 Te
1362 4377 1505 4460 mittere
1529 4373 1724 4472 Epistolam
1754 4375 1846 4450 banc
1882 4373 2071 4472 adjeslanr,
2104 4373 2353 4474 &inscriptam

983 4489 1036 4566 Cl.
1072 4483 1309 4583 Wot'e103
1340 4515 1436 4588 rogo
1475 4505 1515 4568 ut
1549 4492 1648 4568 illam
1680 4489 1744 4592 ipsi
1779 4489 2023 4578 transmittas,
2061 4513 2125 4590 per
2161 4490 2353 4569 tutilinam

980 4606 1097 4680 riam:
1127 4603 1272 4706 Reliqui
1292 4629 1375 4684 eam
1400 4623 1585 4708 apertam,
1621 4607 1683 4683 sub
1713 4603 1850 4704 sigillo,
1875 4607 1978 4706 quod
2005 4622 2157 4696 vocant,
2184 4609 2348 4692 volante,

2259 4725 2348 4807 nod,
2462 4749 2463 4766 ¹

1072 4822 1136 4934 gr)
1162 4837 1236 4931 opp.
1264 4835 1362 4905 Toni.
1385 4837 1412 4908 L
1435 4837 1496 4910 N·.
1525 4835 1760 4920 LXXXIV.
1790 4858 1863 4931 pag.
1892 4843 2104 4928 453.468.·
2233 4749 2257 4826 q
