5459 6684
886 675 955 742 '16
1136 670 2093 760 COMMERCIUMIPISTOLICUM

737 815 861 909 r7oo.'
901 841 1034 916 rogo,
1060 818 1133 902 'Tu
1158 843 1317 924 ¹quoque
1347 818 1589 914 cogitationes
1629 817 1825 908 conseras,
1859 831 1900 898 ut
1931 821 2084 922 pulchra
2111 830 2302 916 occasune

734 921 896 1016 Septemb·
916 938 1111 1040 ausumque
1135 936 1310 1036 Principis
1339 935 1491 1033 egregio
1510 933 1605 1012 retle
1625 948 1776 1017 utamur.
1824 934 1913 1014 Ideo
1939 937 2072 1020 suadeo
2099 947 2229 1036 etiam,
2258 968 2302 1030 ue

915 1051 971 1130 Te
994 1077 1141 1154 quoque
1163 1055 1200 1128 in
1227 1051 1446 1132 Societatem
1466 1052 1580 1151 recipi
1601 1051 1756 1131 libenter
1787 1051 1878 1130 velle
1904 1055 2078 1140 ostendas.
2128 1058 2244 1154 Quod
2271 1068 2300 1146 fi

917 1174 954 1246 in
986 1169 1130 1247 Litteris
1165 1167 1210 1244 ad
1238 1191 1297 1244 rne
1327 1165 1418 1246 Tuis
1447 1165 1653 1268 expresseris
1685 1172 1802 1248 verbis
1828 1169 2077 1261 honorificis,
2112 1200 2192 1276 quae
2225 1205 2298 1282 ego

918 1275 1203 1389 Berolirnfibus
1229 1285 1503 1362 communicare
1525 1283 1677 1386 poffun,
1699 1289 1744 1364 ·&
1764 1289 1801 1364 in
1824 1287 1955 1385 quibus
1978 1290 2076 1368 nulla
2091 1289 2144 1367 srt
2157 1279 2297 1380 mentio

906 1395 1151 1500 suggestionis
1170 1426 1281 1491 meae,
1317 1402 1404 1482 faxo
1432 1415 1475 1482 ut
1499 1401 1586 1480 Tibi
1609 1405 1798 1481 mittantur
1818 1402 1944 1480 litterae
1970 1411 2199 1506 receptionis
2230 1412 2298 1491 Vi.

915 1518 978 1596 des
1001 1533 1122 1598 autem
1144 1543 1191 1598 ex
1214 1519 1283 1597 illis
1307 1544 1386 1622 quae
1413 1519 1459 1601 ad
1483 1517 1769 1598 Vos-nauum
1790 1517 1938 1622 scripsi,
1968 1524 2111 1600 nullum
2132 1527 2170 1602 in
2191 1551 2232 1605 ea
2259 1553 2298 1610 re

914 1641 1106 1737 negotium
1136 1637 1192 1718 Te
1218 1637 1304 1716 Tibi
1327 1636 1525 1726 accersere,
1545 1662 1642 1717 cum
1664 1651 1789 1740 quater
1809 1640 1967 1722 inanno
1992 1639 2164 1728 scribere,
2197 1646 2235 1720 dc
2251 1669 2300 1725 ex

913 1777 1014 1856 penu
1039 1757 1148 1836 divite
1172 1757 1271 1845 Tua,
1291 1771 1353 1834 aut
1377 1757 1486 1835 etiarn
1510 1756 1913 1854 ,communicationibus
1937 1759 2139 1858 amicorum
2160 1758 2299 1861 aliquid
2444 1755 2452 1764 ’

911 1872 1101 1972 suggerere
1109 1873 1195 1951 Tibi
1206 1871 1248 1950 fit
1260 1877 1299 1950 in
1316 1873 1503 1976 expedito.
1527 1873 1712 1961 ¹Conabor
1735 1897 1813 1952 rem
1829 1897 1887 1954 ,eo
1907 1873 2086 1954 deducere
2100 1932 2112 1964 ,
2124 1890 2175 1952 ut
2187 1867 2299 1983 Mis

911 1985 1068 2066 cessarea
1091 1991 1256 2092 quaedam
1280 1989 1429 2088 subinde
1454 1990 1624 2082 edantur,
1641 1991 1824 2093 ,exemplo
1855 1983 2022 2070 Nature
2047 1983 2296 2098 curiosorum,

902 2105 950 2184 ,dc
980 2106 1128 2210 quidem
1150 2105 1290 2188 fortasse
1316 2109 1522 2204 trimestria3
1547 2106 1603 2190 lta
1622 2113 1739 2198 ¹etiam
1758 2133 1827 2188 nos
1848 2112 1889 2191 in
1914 2109 2142 2212 publicandis
2154 2111 2294 2202 nostrie,

910 2245 987 2302 non
1015 2225 1154 2327 semper
1181 2227 1224 2303 ab
1250 2227 1370 2303 alieno
1395 2227 1820 2328 arbitrio-pendebimus·
1904 2215 1907 2221 ’

986 2340 1128 2428 Tecum
1155 2341 1296 2434 sentio,
1314 2341 1349 2418 si
1380 2367 1449 2445 qua
1470 2337 1693 2448 Gregoriani
1713 2343 1916 2425 Calendarii
1950 2343 2158 2424 emendatio
2183 2348 2299 2447 impe·

909 2462 990 2538 trari
1018 2457 1160 2559 pollrt,
1204 2483 1284 2540 eam
1305 2461 1460 2545 ,Caesaris
1492 2461 1702 2540 autloritate
1734 2463 2014 2563 procurandam
2046 2461 2151 2560 esse,
2178 2485 2299 2566 neque

908 2576 1013 2654 aliam
1045 2578 1083 2652 in
1117 2575 1286 2679 Imperio
1312 2580 1516 2676 agnoscunt
1527 2576 1784 2666 ‘Protessantes
1835 2579 1906 2658 Sed
1929 2585 2013 2680 quia
2032 2576 2197 2659 Romana
2215 2579 2298 2660 Pars

909 2715 987 2769 rem
1019 2691 1159 2796 semper
1184 2694 1231 2773 ad
1254 2689 1481 2774 Pontificem
1516 2699 1669 2793 rejicit,
1704 2696 1795 2774 nibil
1824 2719 2055 2788 commune,
2083 2695 2148 2774 nisi
2174 2695 2296 2797 aliquo

909 2807 1093 2890 Pontificis
1121 2811 1218 2911 apud
1244 2811 1326 2888 suos
1353 2816 1584 2899 interuentu,
1615 2811 1749 2898 conlisi
1765 2810 1906 2908 potest.
1940 2809 2130 2908 Computo
2161 2805 2296 2914 Grego-

908 2930 1013 3002 riano
1042 2929 1136 2999 circa
1160 2917 1259 3000 Festa
1286 2926 1489 3001 immobilia
1509 2926 1855 3005 &2irrtercalationes
1884 2923 1973 3001 stare
1999 2927 2127 3024 utique
2157 2925 2290 3002 licebit

900 3038 981 3126 ,Sed
1004 3042 1043 3115 in
1065 3036 1247 3114 ,Parenos
1268 3038 1548 3124 constitutione,
1578 3052 1689 3138 atque
1711 3037 1798 3114 inde
1818 3038 2061 3137 pendentibus
2083 3037 2190 3118 Testis
2212 3066 2294 3120 mo·

908 3155 1061 3243 bilibus,
1090 3153 1273 3244 interdum
1302 3155 1377 3233 abit
1399 3152 1589 3256 a-Regulis
1603 3155 1754 3255 magnae
1780 3153 1908 3256 synodi
1925 3148 2111 3255 Nscaenae,
2136 3181 2222 3259 quas
2241 3173 2293 3236 ta·

900 3292 995 3358 ,rnen
1018 3275 1110 3350 tueri
1137 3271 1272 3372 placuit
1291 3268 1474 3364 Ecclesiae,
1509 3271 1647 3374 ipsique
1670 3271 1864 3352 Pontifices
1884 3272 1967 3353 ¹hoc
1997 3298 2017 3350 a
2041 3273 2076 3350 se
2106 3275 2292 3374 quaefitum

908 3389 989 3468 sunt
1020 3389 1197 3492 proseslr3
1226 3391 1427 3494 eademque
1453 3389 1556 3473 mens
1589 3392 1640 3468 est
1677 3390 1956 3470 Protestantibus
1990 3389 2168 3490 plerisque
2193 3389 2292 3470 Festa

908 3507 1058 3587 mobilia
1092 3509 1329 3592 retinentibus
1363 3534 1428 3611 per
1465 3505 1736 3598 Germaniam,
1768 3504 1964 3613 Angsiam,
1999 3495 2295 3612 septentrionem-

907 3649 1003 3848 qut}2
1034 3628 1095 3704 cui
1119 3629 1226 3711 etiam
1247 3625 1394 3721 ¹inheefit
1422 3625 1628 3718 Decretum
1661 3627 1846 3739 §erpotis
1887 3621 2093 3722 Evangelici
2121 3619 2290 3702 Rarisbo-

899 3765 972 3818 aren
987 3766 1019 3818 e.
1373 3815 1377 3818 .

971 3857 1090 3946 ,Nosse
1116 3861 1225 3946 velim
1242 3887 1289 3942 an
1317 3862 1456 3966 aliquid
1480 3883 1528 3941 ex
1552 3857 1681 3948 Gallia
1698 3861 1800 3947 ,circa
1827 3859 2047 3956 interrogata
2074 3879 2156 3938 mea
2186 3849 2291 3934 intel·

896 3977 1043 4056 lexerit.

967 4090 1046 4180 Diu
1070 4089 1095 4172 a'
1113 4091 1214 4186 Duo.
1244 4087 1474 4174 Marchione
1503 4093 1633 4176 Hosr
1649 4115 1845 4181 1¹rrc10,
1869 4090 1929 4168 sed
1963 4091 2080 4170 multo
2106 4081 2243 4171 diutius
2269 4116 2290 4168 a

903 4209 1071 4292 Domino
1086 4203 1225 4296 Fratre
1240 4212 1326 4302 Tuo
1347 4213 1440 4297 nibil
1456 4212 1500 4290 ad
1515 4238 1574 4292 me
1588 4211 1781 4296 situatum.
1795 4209 1926 4291 Duum
1935 4199 2198 4286 Marc'bionem
2208 4207 2290 4286 len·

904 4327 1098 4406 tiusculum
1120 4333 1158 4404 in
1193 4331 1383 4408 scribendo
1404 4329 1639 4417 dudum-sum
1663 4343 1847 4428 expertus.
1898 4321 2050 4402 Litteras
2078 4327 2135 4402 vel
2154 4325 2293 4424 Diplo·

898 4469 967 4520 ma
989 4444 1209 4542 receptionis
1231 4449 1269 4520 in
1292 4447 1524 4526 Academiam
1545 4470 1631 4525 ,non
1652 4443 1714 4519 ille
1744 4445 1790 4521 ad
1816 4465 1876 4519 me
1901 4439 2017 4526 misit,
2050 4441 2111 4518 sed
2143 4439 2289 4516 secreta·

905 4555 984 4639 rius
1011 4560 1188 4638 societatis
1206 4557 1392 4640 Dominus
1412 4559 1807 4648 Fourruacarus,
1836 4555 2085 4653 susustinetis
2102 4553 2290 4634 Dominus

797 4778 805 4796 ·
897 4671 1353 4776 ,AlbanBr-uuousus
1378 4678 1455 4766 suas
1483 4679 1623 4785 adjecit

2142 4799 2148 4810 ·
2199 4715 2291 4862 Non
