5459 6684
985 795 1128 889 ψ’,
1226 782 1679 871 comannorum
1730 780 2210 856 serenent-oum

818 952 948 1052 ms·
986 948 1065 1011 ras,
1097 907 1239 998 animus
1266 918 1324 996 Cl.
1356 912 1585 991 Vononen
1616 934 1704 1012 erga
1732 910 1788 989 Te
1814 912 1893 989 fuit.
1927 912 1998 990 Sed
2021 936 2178 1015 vereor,
2206 940 2254 995 ne
2274 914 2384 1002 idem

814 1017 937 1133 0&ss,
988 1043 1028 1117 io
1052 1038 1196 1115 alterius
1224 1038 1374 1133 gratiana
1399 1028 1440 1107 fit
1462 1028 1624 1110 fadurus.

1047 1154 1188 1231 Mirum
1214 1152 1264 1227 est
1292 1155 1331 1229 in
1378 1142 1581 1225 Germania
1603 1146 1721 1226 notua
1747 1148 1810 1225 vix
1837 1168 2059 1249 quemquam
2087 1152 2148 1227 vel
2169 1151 2319 1251 paulum
2333 1158 2377 1230 in

965 1273 1110 1369 ,noma
1126 1343 1130 1352 ,
1145 1266 1287 1365 Analyli
1315 1264 1501 1367 proficere.
1544 1263 1695 1365 Juvenis
1722 1263 1784 1340 ille
1814 1254 1990 1352 suevus,
2033 1268 2096 1365 qui
2124 1290 2184 1343 me
2214 1260 2377 1347 Berolr'ni
2445 1370 2446 1375 Ν

992 1388 1183 1479 salutarit,
1202 1382 1466 1483 Tibiquoque
1497 1402 1573 1459 non
1605 1383 1754 1481 ignotus
1789 1378 2071 1479 [Jnurcnuo
2103 1406 2240 1461 nomen
2274 1394 2369 1477 etat,

992 1508 1033 1582 ni
1058 1495 1218 1610 fallor]‚
1246 1524 1369 1579 curam
1401 1498 1556 1597 aliquam
1581 1498 1686 1595 hujus
1712 1497 1866 1574 sciendae
1894 1497 2024 1573 habere
2050 1498 2258 1597 uidebatur,
2275 1528 2383 1604 mag..

994 1644 1063 1698 nos
1095 1616 1215 1696 tanien
1256 1612 1460 1717 progressus
1493 1612 1611 1692 fecille
1654 1638 1732 1691 non
1764 1612 1960 1691 videbatur.
2022 1612 2155 1693 Nescio
2184 1642 2228 1695 an
2254 1622 2385 1699 multo
2445 1624 2446 1627 '

993 1730 1158 1835 majores
1185 1730 1390 1835 progrellus
1413 1730 1541 1809 fecerit
1566 1728 1672 1809 Dnus
1693 1730 1965 1818 Wouarus,
1998 1736 2070 1831 qui·
2095 1724 2226 1843 Lipfiae
2260 1736 2378 1816 differ-

995 1856 1172 1931 tationem
1202 1850 1249 1927 de
1277 1850 1400 1927 nostro
1431 1846 1583 1929 Calculo
1614 1848 1736 1926 edidit.
1780 1844 1890 1925 Hunc
1913 1860 2035 1925 tamen
2061 1848 2273 1928 crediderim
2295 1855 2380 1933 lon-

997 1973 1079 2070 gius
1112 1964 1379 2069 progreffurum
1402 1991 1414 2059 3
1441 1970 1524 2067 quia
1557 1967 1658 2067 prior
1675 2022 1693 2053 ,.
1719 1966 1758 2041 ni
1790 1963 1927 2052 fallor,
1960 1964 1994 2040 se
2026 1969 2130 2065 praxi
2158 1969 2374 2068 potiffimum
2443 2018 2444 2063 f

997 2087 1113 2164 dabar

1056 2200 1226 2280 Medicus
1255 2188 1386 2277 Sontas
1407 2198 1538 2275 doilus
1559 2195 1605 2273 ad
1631 2219 1691 2273 me
1716 2194 1836 2275 attulit
1867 2194 2110 2275 enniana
2135 2197 2282 2279 Librum
2308 2228 2374 2301 pro
2430 2149 2437 2192 ἱ

998 2321 1149 2397 veritate
1175 2316 1379 2413 Religionis
1400 2338 1446 2391 ex
1466 2331 1615 2401 natura,
1650 2315 1687 2389 ἃ
1711 2311 1866 2410 ejusdem
1888 2310 2159 2409 responsionem
2187 2319 2232 2395 ad
2259 2318 2330 2397 Mo
2345 2348 2375 2395 1-

998 2457 1178 2511 annun.
1230 2432 1415 2512 Neutrum
1439 2428 1643 2527 expendere
1676 2432 1823 2507 vacarit.
1855 2426 1969 2527 Spero
2003 2431 2152 2511 meliora
2179 2458 2248 2535 pro
2279 2434 2376 2515 Reli-

841 2629 867 2639 ,,
923 2563 927 2569 “
988 2552 1137 2649 ¹gione,
1170 2547 1350 2649 quamde
1378 2544 1518 2645 Analyfi
1544 2544 1704 2623 attulille.

1065 2664 1200 2745 Nescio
1232 2664 1339 2742 unde.
1353 2663 1492 2761 judices
1520 2685 1639 2739 meam
1667 2660 1892 2741 Methodum
1922 2684 2037 2743 curvae
2069 2665 2157 2745 data
2186 2670 2382 2750 exhibendi

837 2791 890 2861 ”.
999 2782 1156 2861 infinitas
1187 2778 1342 2881 aequales
1368 2778 1546 2881 perplexo
1582 2778 1782 2857 admodum
1813 2778 1955 2857 calculo
1980 2783 2154 2883 indigere.
2210 2788 2246 2865 Si
2269 2814 2379 2868 exeo

1000 2898 1105 3007 quod
1131 2896 1313 2975 calculum
1347 2919 1425 2973 non
1449 2892 1627 2997 aggrrllus
1656 2896 1758 2987 lum3
1780 2895 1927 2971 adhibes
1948 2922 2025 2977 non
2047 2904 2186 2979 causam
2211 2928 2282 3003 pro
2302 2933 2379 2985 cau-

999 3010 1258 3092 iaomiffionis
1292 3036 1391 3089 meae.
1446 3010 1546 3110 Saepe
1581 3014 1679 3087 eninr
1708 3014 1815 3088 etiam
1850 3012 2015 3093 facillima
2037 3016 2208 3107 declino,
2237 3027 2318 3114 quia
2339 3026 2388 3097 'sn

1000 3131 1070 3210 hac
1087 3125 1322 3208 multitudine
1344 3150 1569 3229 eorumquae
1597 3128 1716 3205 adhuc
1734 3152 1838 3229 agere
1863 3130 2006 3218 vellem,
2031 3126 2216 3205 neceiinria
2237 3132 2385 3227 prafer-

1000 3245 1203 3323 ridebent.
1254 3236 1540 3323 Construilionis
1563 3242 1653 3323 Tuae
1670 3268 1736 3344 per
1760 3259 1905 3322 motum
1928 3246 2128 3347 repturium
2151 3244 2295 3321 nullum
2312 3245 2384 3323 ad-

1002 3362 1135 3441 duxisti
1156 3358 1399 3461 exemplum3.
1421 3384 1490 3437 nec
1517 3362 1636 3438 minus
1660 3384 1768 3461 quam
1791 3385 1863 3459 ego
1887 3366 1926 3439 in
1949 3363 2176 3461 generalibus
2204 3358 2382 3439 manllsti:

1003 3477 1108 3581 quod
1131 3501 1190 3555 me
1217 3482 1336 3557 minus
1363 3491 1553 3579 promtum
1581 3478 1727 3589 adrem
1752 3482 1920 3555 attentius
1948 3477 2244 3557 considerandam
2266 3479 2384 3556 reddi-

1003 3596 1066 3673 dit.
1100 3592 1160 3673 De
1189 3592 1280 3673 Dno
1308 3594 1523 3674 Cuanono
1554 3598 1685 3671 merito
1719 3616 1874 3683 monce,
1896 3592 2217 3684 non=satisfecille‚
2238 3592 2297 3671 etl]
2320 3594 2389 3672 ali-

1003 3711 1092 3814 quid
1113 3712 1239 3789 fecerit
1254 3764 1267 3810 ‚
1283 3714 1512 3813 nimiumque
1537 3710 1717 3811 aggreffus
1737 3709 1788 3789 fir.
1956 3802 1961 3811 ¹

1060 3824 1158 3905 Puto
1184 3830 1297 3905 etiam.
1322 3850 1417 3905 meas
1449 3830 1587 3927 priores
1618 3826 1786 3934 Domino
1812 3824 2111 3907 Hannauuo·
2132 3826 2317 3923 redditas‚
2349 3832 2385 3904 in

1003 3946 1135 4045 quibus
1162 3948 1196 4021 ei
1218 3934 1563 4023 demonstrationem
1596 3942 1696 4033 mifi,
1724 3944 1827 4051 quod
1851 3968 1980 4023 omnes
1996 3942 2111 4025 Series
2144 3944 2388 4033 Arithmetica

848 4079 852 4085 ’
1004 4085 1082 4138 non
1113 4074 1278 4150 tantum,
1303 4060 1365 4138 sed
1393 4062 1696 4161 &potentiarum
1727 4060 2061 4151 athrithmetitis,
2089 4064 2125 4139 de
2152 4060 2386 4140 conflatarum

926 4221 931 4227 -
1005 4201 1052 4257 ex
1075 4177 1131 4255 his
1153 4180 1392 4280 quantitatum
1425 4178 1582 4257 habeant
1614 4179 1801 4262 columnas
1827 4178 2029 4281 periodicas
2045 4238 2066 4269 ,..
2082 4176 2114 4255 ll·
2143 4177 2294 4279 dyadice
2330 4200 2388 4256 en·

1004 4298 1222 4396 primantur..

1067 4406 1194 4513 Nuper
1220 4414 1319 4515 legi,
1353 4417 1393 4491 in
1419 4404 1523 4491 Amr
1556 4404 1767 4492 Acalantae
1794 4405 1918 4516 Regia
1945 4404 2220 4500 Scirntiurum‘,
2257 4410 2388 4485 dubios

1008 4526 1130 4606 adhue
1153 4528 1220 4608 elle
1247 4530 1294 4610 de
1315 4528 1401 4611 Tuo
1437 4527 1639 4635 Phosphori
1675 4530 1910 4613 Barometrici
1937 4533 2227 4634 experimento—3
2267 4540 2391 4717 ntiqui

1029 4668 1036 4677 ·
1990 4674 1994 4681 ·
2239 4666 2344 4745 quan
2367 4663 2387 4713 o
