5459 6684
1003 741 1077 799 220
1141 715 1671 805 comannorum
1716 716 2287 803 orror-,orreum

825 900 932 973 ¹709·
1002 867 1224 964 equitatem.
1270 855 1365 952 Quae
1389 856 1435 932 de
1455 843 1771 960 Amsterodmnmst
1796 851 2037 928 aestimatione
2067 855 2176 934 refert
2214 857 2322 938 Tuus
2364 887 2418 940 ex
2481 891 2482 896 ¹

822 983 964 1078 Septem
1002 977 1125 1060 Fratre
1151 1001 1290 1078 nepos,
1326 971 1437 1050 credo
1459 996 1506 1048 ex
1532 965 1792 1052 Hudderrianis
1823 971 2164 1078 computationibus
2191 977 2292 1054 fuisse
2317 1003 2411 1078 pro-

1004 1096 1103 1174 fetia.
1160 1093 1321 1188 Quidam
1347 1086 1373 1166 f
1385 1111 1693 1166 tuoosonros
1719 1084 1832 1182 Belga
1856 1107 1904 1160 ex
1936 1084 2066 1162 Scotis'
2088 1093 2298 1186 oriundos,
2339 1101 2406 1196 qui

1005 1215 1095 1292 olim
1115 1211 1256 1312 aliquot
1278 1203 1459 1286 menibus
1486 1198 1699 1284 Hanoverae
1727 1204 1828 1302 egit,
1858 1201 1895 1276 de
1923 1203 2057 1278 librum
2082 1211 2277 1304 quemdam
2293 1215 2407 1310 Aige.

1004 1333 1166 1406 braicum
1191 1325 1337 1422 Belgice
1375 1323 1514 1411 edidit,
1541 1321 1660 1398 multa
1682 1319 1773 1396 mihi
1799 1317 1845 1394 de
1873 1317 2094 1398 Wrrrrr
2128 1326 2166 1400 ἃ
2191 1325 2304 1404 Hoo
2324 1355 2407 1406 nn.

1005 1471 1085 1524 urr
1112 1447 1152 1520 in
1179 1443 1248 1520 hac
1278 1437 1524 1540 disquisitione
1558 1436 1855 1518 meditationibus
1890 1439 2149 1528 memorabat,
2181 1442 2243 1520 etsi
2272 1471 2403 1526 eorum

1005 1560 1200 1640 methodos
1222 1557 1585 1658 ratiocinationesque
1607 1579 1688 1634 non
1707 1566 1856 1632 teneret.
1904 1547 2048 1650 Vellem
2073 1555 2155 1634 talia
2188 1583 2234 1636 ex
2262 1562 2402 1641 schedia

1002 1681 1165 1782 ipsorum
1191 1685 1423 1770 eruerentur,
1458 1697 1577 1778 neque
1600 1676 1699 1752 enim
1722 1673 1854 1748 dubito
1882 1673 1971 1770 quin
2000 1671 2155 1769 plurima
2181 1678 2265 1756 inde
2289 1680 2402 1761 diste-

1004 1820 1134 1874 remus.
1178 1793 1452 1872 Vorornus
1487 1795 1558 1890 jam
1594 1793 1630 1868 ἃ
1659 1788 1946 1866 turannos
1972 1784 2056 1864 Viri
2083 1787 2228 1894 Egregii
2245 1799 2395 1885 obiere,

1005 1921 1054 1994 ita
1078 1935 1157 1990 non
1184 1915 1355 2010 exiguam
1393 1908 1562 2006 jacturam
1603 1931 1658 1985 rer
1695 1906 1947 1984 mathematica
1981 1904 2074 2006 passa
2108 1910 2166 1987 est.
2222 1911 2398 1992 Vivamur

1004 2032 1067 2112 sed
1092 2033 1232 2118 amice,
1258 2025 1398 2126 nosque
1427 2049 1611 2115 amemus,
1648 2025 1686 2100 dt
1703 2019 1993 2126 quamdiu'Deo
2018 2027 2132 2103 uisum
2159 2033 2250 2121 erit,
2269 2035 2311 2106 in
2330 2035 2399 2109 sia·

1007 2151 1072 2228 dio
1103 2169 1306 2248 pergamus.
1354 2137 1454 2220 vate.

1104 2338 1236 2414 Ddrom
1262 2339 1440 2408 rourum
1460 2344 1494 2408 6.
1521 2332 1852 2426 Septembrir1709.
2050 2437 2084 2454 ..

1967 2430 2216 2514 Dedrtrffimmt
2359 2477 2362 2485 ·

1767 2619 1818 2706 G.
1844 2623 1890 2708 G.
1919 2629 2254 2711 terramus,
2294 2737 2297 2746 Δ

1079 2833 1118 2915 Ρ.
1143 2834 1178 2912 S.
1209 2823 1349 2908 Meteri
1374 2841 1467 2930 poto
1490 2825 1649 2906 Domini
1673 2825 1804 2907 Fratris
1825 2829 1899 2910 Tui
1914 2856 1950 2932 p.
1972 2855 2018 2908 m.
2049 2832 2207 2918 librum,
2231 2831 2293 2932 qui
2309 2824 2390 2904 eda·
2496 2846 2497 2900 ι

1008 2970 1089 3040 tur,
1129 2951 1243 3048 idque
1275 2945 1443 3032 scribenti
1472 2945 1553 3046 plur
1579 2946 1688 3023 semel
1721 2945 1925 3047 significari.
1980 2948 2081 3050 Saepe
2119 2950 2248 3024 monui
2280 2945 2391 3022 deesse
2497 3002 2498 3060 t

1007 3070 1114 3146 nobia
1139 3076 1282 3165 partem
1315 3059 1463 3159 logicae
1492 3061 1539 3137 de
1573 3063 1743 3161 gradibus
1775 3063 2089 3144 verisimilitudinis
2119 3089 2134 3158 ς
2164 3060 2387 3140 aestimandos

1007 3199 1129 3266 autem
1144 3179 1274 3258 censeo
1289 3199 1337 3254 err
1349 3178 1520 3275 gradibus
1534 3179 1782 3280 posbbilitatir,
1801 3182 1858 3260 seu
1878 3203 1924 3260 ex
1937 3181 2172 3261 multitudine
2197 3179 2385 3280 aequalium
2498 3157 2499 3236 d

1006 3298 1289 3407 poisrbilitatum.
1347 3291 1502 3374 Ostendi
1537 3295 1627 3373 olim
1666 3299 1705 3371 in
1749 3297 1998 3377 schediasmate
2046 3299 2207 3400 quodam
2235 3299 2387 3398 politico
2499 3313 2500 3402 ι

1006 3414 1082 3530 (1)
1103 3415 1279 3518 Principia
1304 3409 1397 3510 jussu
1421 3413 1520 3490 edito
1544 3469 1555 3500 ‚
1584 3411 1751 3512 quasdam
1777 3415 2026 3498 astimationea
2047 3415 2125 3498 fieri
2147 3439 2222 3520 per·
2235 3413 2384 3494 additio

1007 3561 1117 3625 nem,
1137 3531 1307 3638 quasdam
1324 3551 1392 3630 per
1412 3529 1765 3628 multiplicationem.
1796 3633 1804 3640 ι

1105 3739 1168 3838 (¹)
1192 3739 1275 3822 Illud
1297 3739 1470 3838 quabfit,
1495 3765 1558 3820 non
1576 3737 1656 3834 satit
1679 3748 1766 3816 noui.
